@unpublished{bib:bender_2023,
    author = {Isis Bender and Alex Borges and Luciano Agostini and Bruno Zatt and Guilherme Correa and Marcelo Porto},
    title  = {Complexity and Compression Efficiency Analysis of libaom AV1
Video Codec},
    note   = {Journal of the Brazilian Computer Society (JBCS) (submetido à publicação)},
    year   = {2023}
}

@unpublished{bib:borges_2023,
    author = {Alex Borges and Bruno Zatt and Marcelo Porto and Guilherme Correa},
    title  = {A Systematic Literature Review on Video Transcoding Acceleration: Challenges, Solutions, and Trends},
    note   = {Multimedia Tools and Applications (MTAP) (submetido à publicação)},
    year   = {2023}
}

@article{bib:shannon_entropy,
    title={Shannon entropy: a rigorous notion at the crossroads between probability, information theory, dynamical systems and statistical physics},
    author={Lesne, Annick},
    journal={Mathematical Structures in Computer Science},
    volume={24},
    number={3},
    year={2014},
publisher={Cambridge University Press}
}

@unpublished{bib:borges_iscas_2023,
    author = {Alex Borges and Bruno Zatt and Marcelo Porto and Guilherme Correa},
    title  = {H.264-to-AV1 Video Transcoding Acceleration Based on Lightweight Machine Learning},
    note   = {2023 IEEE International Symposium on Circuits \& Systems (ISCAS) (no prelo)},
    year   = {2023}
}

@misc{bib:statistaVideoTraffic,
	title = {Distribution of global downstream internet traffic as of October 2018, by category},
	url = {https://www.statista.com/statistics/271735/internet-traffic-share-by-category-worldwide/},
	urldate = {2020-08-12},
	author = {Jessica Clement},
	day = 13,
	month = {fevereiro},
	year = {2019},
	publisher = {statista},
}

@misc{bib:av1InChina,
    author = {{iQIYI}},
    title = {iQIYI Partners with MediaTek to Provide AV1-powered Ultra HD Streaming Experience in 5G Era},
    day = {22},
    month = {May},
    year = {2020},
    publisher = {iQIYI},
    url={http://www.iqiyi.com/common/20200526/006747b0eb15a892.html},
    urldate = {2021-06-13},
}

@misc{bib:hevcctc,
  title={Common test conditions and software reference configurations},
  author={Bossen, Frank},
  journal={JCTVC-L1100},
  volume={12},
  day = {09},
  month = {Apr.},
  year = {2013},
  url={http://phenix.it-sudparis.eu/jct/doc\_end\_user/current\_document.php?id=7281},
  urldate = {2021-07-22},
}

@INPROCEEDINGS{bib:nam_2006,
  author={Nam, Hyeong-Min and Dan, Byoung-Kyu and Kim, Hye-Soo and Jeong, Jae-Yun and Ko, Sung-Jea},
  booktitle={2006 International Symposium on Communications and Information Technologies}, 
  title={Low Complexity H.264 Transcoder for Bitrate Reduction}, 
  year={2006},
  volume={},
  number={},
  pages={679-682},
  note={doi: 10.1109/ISCIT.2006.340020}
}

@misc{bib:vvcctc,
  title={VTM common test conditions and software reference configurations for SDR video},
  author={F. Bossen and J. Boyce and X. Li and V. Seregin and K. Sühring},
  journal={JVET-T2010},
  volume={21},
  url = {https://jvet-experts.org/doc\_end\_user/current\_document.php?id=10545},
  day = {28},
  month = {Oct.},
  year = {2020},
  urldate = {2021-07-22},
}

@misc{bib:covid19,
    author = {Chuanjun Shu and  Xuan Huang and Juergen Brosius and Cheng Deng},
    title = {Exploring Potential Super Infection in SARS-CoV2 by Genome-Wide Analysis and Receptor–Ligand Docking},
    url = {https://www.preprints.org/manuscript/202003.0310/v1},
    day = {20},
    month = {Mar.},
    year = {2020},
    publisher = {Preprints},
    urldate = {2021-03-19},
}


@misc{bib:statistaVideoPetabyte,
	title = {Global mobile video traffic from 2017 to 2022},
	url = {https://www.statista.com/statistics/252853/global-mobile-video-traffic-forecast/},
	urldate = {2020-08-12},
	author = {Jessica Clement},
	day = 03,
	month = {Mar.},
	year = {2020},
	publisher = {statista},
}

@misc{bib:cisco,
	title = {Cisco Annual Internet Report (2018–2023) White Paper},
	url = {https://www.cisco.com/c/en/us/solutions/collateral/executive-perspectives/annual-internet-report/white-paper-c11-741490.html},
	urldate = {2020-08-12},
	author = {CISCO},
	day = 09,
	month = {Mar.},
	year = {2020}
}

@misc{bib:cisco2,
	title = {VNI Complete Forecast Highlights},
	url = {https://www.cisco.com/c/dam/m/en\_us/solutions/service-provider/vni-forecast-highlights/pdf/Global\_Business\_Highlights.pdf},
	urldate = {2020-08-12},
	author = {CISCO},
	month = {Mar.},
	year = {2018}
}

@book{bib:cormen,
    title={Algoritmos: Teoria e Prática},
    author={Cormen, Thomas and Leiserson, Charles and Rivest, Ronald},
    year={2017},
    publisher={GEN LTC},
    edition={3º},
    pages={944},
    note={ISBN: 8535236996}
}

@phdthesis{bib:tese_agostini_2007,
  author       = {Luciano Volcan Agostini}, 
  title        = {Desenvolvimento de Arquiteturas de Alto Desempenho dedicadas \`a compress\~ao de v\'ideo segundo o Padr\~ao H.264/AVC},
  school       = {Universidade Federal do Rio Grande do Sul. Instituto de Inform\'atica. Programa de P\'os-Gradua\c{c}\~ao em Computa\c{c}\~ao},
  year         = {2007},
  address      = {https://lume.ufrgs.br/handle/10183/12425},
  month        = {Aug.}
}

@misc{bib:h120,
	title = {H.120: Codecs for videoconferencing using primary digital group transmission},
	url = {http://www.itu.int/rec/T-REC-H.120/en},
	urldate = {2020-08-12},
	author = {{International Telecommunication Union}},
	year = {1984}
}

@misc{bib:vvcpool,
	title = {Media Coding Industry Forum},
	url = {https://www.mc-if.org/},
	urldate = {2020-11-03},
	author = {MC-IF},
	year = {2020}
}

@misc{bib:vvc,
	title   = {Versatile Video Coding (Draft 7)},
	author  = {B. Bross and J. Chen and S. Liu and Y. Wang},
	publisher = {JVET 16th Meeting JVET-P2001},
    month   = {Oct.},
	year    = {2019}
}

@misc{bib:h264overview,
	title   = {Recommendation H.264: Advanced Video Coding for Generic Audiovisual Services},
	url     = {https://www.itu.int/rec/T-REC-H.264/},
	urldate = {2005-11-6},
	author  = {{International Telecommunication Union}},
    month   = {May},
	year    = {2003}
}

@misc{bib:mpeg4,
	title   = {MPEG-4 Visual},
	url     = {https://mpeg.chiariglione.org/standards/mpeg-4/video},
	urldate = {2021-7-28},
	author  = {{The Moving Picture Experts Group}},
    year    = {2005}
}

@article{bib:wang_2006,
  author  = {Xin-Fu Wang and De-Bin Zhao}, 
  title   = {Performance Comparison of AVS and H.264/AVC Video Coding Standards},
  journal = {Journal of Computer Science and Technology},
  year    = 2006,
  pages   = {310-314},
  volume  = {21},
  number  = {3},
  month   = "May",
  note    = {DOI: 10.1007/s11390-006-0310-7}
}

@misc{bib:daala,
	title   = {Daala Video Compression},
	url     = {https://xiph.org/daala/},
	urldate = {2018-02-20},
	author  = {XIPH},
    month   = {Jan.},
	year    = {2012}
}

@INPROCEEDINGS{bib:bankoski_2011, 
    author={J. Bankoski and P. Wilkins and Y. Xu}, 
    booktitle={2011 IEEE International Conference on Multimedia and Expo}, 
    title={Technical overview of VP8, an open source video codec for the web}, 
    year={2011}, 
    pages={1-6}, 
    note={doi:10.1109/ICME.2011.6012227},
    month={July},
}

@misc{bib:TrueMotion,
	title   = {TrueMotion},
	url     = {https://segaretro.org/TrueMotion},
	urldate = {2018-11-16},
	author  = {{Sega Retro}},
	year    = {2004}
}

@article{bib:tao_2016,
  author  = {Zhang Tao and Zhang Caixia and Zhao Xin}, 
  title   = {Review of AVS Audio Coding Standard},
  journal = {ZTE Communications},
  year    = 2016,
  pages   = {322-325},
  volume  = {14},
  number  = {2},
  month   = "Apr",
  note    = {DOI: 10.3969/j.issn.1673-5188.2016.02.007}
}

@article{bib:srinivasan_2004, 
	author={Sridhar Srinivasan and Pohsiang (John) Hsu and Tom Holcomb and Kunal Mukerjee and Shankar L. Regunathan and Bruce Lin and Jie Liang and Ming-Chieh Lee and Jordi Ribas-Corbera}, 
	journal={Signal Processing: Image Communication}, 
	title={Windows Media Video 9: overview and applications}, 
	year={2004}, 
	volume={19}, 
	pages={851-875}, 
	note={doi:10.1016/j.image.2004.06.005}
}

@INPROCEEDINGS{bib:chen_2021,
  author={Chen, Xinyao and Zhang, Yiwei and Li, Yanghao and Wen, Jiangtao},
  booktitle={ICASSP 2021 - 2021 IEEE International Conference on Acoustics, Speech and Signal Processing (ICASSP)}, 
  title={Decision Tree Based Inter Partition Termination For Av1 Encoding}, 
  year={2021},
  volume={},
  number={},
  pages={1585-1589},
  note={doi: 10.1109/ICASSP39728.2021.9413481}
}

@ARTICLE{bib:xu_2021,
  author={Xu, Motong and Jeon, Byeungwoo},
  journal={IEEE Transactions on Broadcasting}, 
  title={User-Priority Based AV1 Coding Tool Selection}, 
  year={2021},
  volume={},
  number={},
  pages={1-10},
  note={doi: 10.1109/TBC.2021.3071013}
}

@misc{bib:videocodechistory,
    title   = {The evolution of video, from technicolor to streaming to 4K},
    author  = {Mashable},
    urldate = {2021-07-07},
    url     = {available on: https://mashable.com/2015/01/09/ces-tech-video/},
    year    = {2015}
}

@misc{bib:h263,
	title   = {Recommendation H.263: Video Coding for Low Bit Rate Communication},
	url     = {https://www.itu.int/rec/T-REC-H.263/},
	urldate = {2018-11-6},
	author  = {{International Telecommunication Union}},
    month   = {Mar.},
	year    = {1996}
}

@misc{bib:h265,
	title   = {Recommendation H.265: High Efficiency Video Coding},
	url     = {https://www.itu.int/rec/T-REC-H.265-201911-I},
	urldate = {2021-07-06},
	author  = {{International Telecommunication Union}},
    month   = {Mar.},
	year    = {2013}
}

@misc{bib:h266,
	title   = {Recommendation H.266: Versatile Video Coding},
	url     = {https://www.itu.int/rec/T-REC-H.266-202008-I},
	urldate = {2021-07-06},
	author  = {{International Telecommunication Union}},
    month   = {Ago},
	year    = {2020}
}

@article{bib:wmv9, 
	author={Sridhar Srinivasan and Pohsiang (John) Hsu and Tom Holcomb and Kunal Mukerjee and Shankar L. Regunathan and Bruce Lin and Jie Liang and Ming-Chieh Lee and Jordi Ribas-Corbera}, 
	journal={Signal Processing: Image Communication}, 
	title={Windows Media Video 9: overview and applications}, 
	year={2004}, 
	volume={19}, 
	pages={851-875}, 
	note={doi:10.1016/j.image.2004.06.005}
}

@article{bib:psnr,  
    author={Q. {Huynh-Thu} and M. {Ghanbari}},  
    journal={Electronics Letters},   
    title={Scope of validity of PSNR in image/video quality assessment},   
    year={2008},  
    volume={44},  
    number={13},  
    pages={800-801},  
    note={doi: 10.1049/el:20080522}
}

@misc{bib:tensorflow2015-whitepaper,
title={ {TensorFlow}: Large-Scale Machine Learning on Heterogeneous Systems},
url={https://www.tensorflow.org/},
note={Software available from tensorflow.org},
author={
    Mart\'{\i}n~Abadi and
    Ashish~Agarwal and
    Paul~Barham and
    Eugene~Brevdo and
    Zhifeng~Chen and
    Craig~Citro and
    Greg~S.~Corrado and
    Andy~Davis and
    Jeffrey~Dean and
    Matthieu~Devin and
    Sanjay~Ghemawat and
    Ian~Goodfellow and
    Andrew~Harp and
    Geoffrey~Irving and
    Michael~Isard and
    Yangqing Jia and
    Rafal~Jozefowicz and
    Lukasz~Kaiser and
    Manjunath~Kudlur and
    Josh~Levenberg and
    Dandelion~Man\'{e} and
    Rajat~Monga and
    Sherry~Moore and
    Derek~Murray and
    Chris~Olah and
    Mike~Schuster and
    Jonathon~Shlens and
    Benoit~Steiner and
    Ilya~Sutskever and
    Kunal~Talwar and
    Paul~Tucker and
    Vincent~Vanhoucke and
    Vijay~Vasudevan and
    Fernanda~Vi\'{e}gas and
    Oriol~Vinyals and
    Pete~Warden and
    Martin~Wattenberg and
    Martin~Wicke and
    Yuan~Yu and
    Xiaoqiang~Zheng},
  year={2015},
}

@book{bib:livroML,
  title={Python machine learning: Machine learning and deep learning with Python, scikit-learn, and TensorFlow 2},
  author={Sebastian Raschka and Vahid Mir-Jalili},
  year={2019},
  publisher={Packt Publishing Ltd},
  note={ISBN: 978-1-78995-575-0}
}

@book{bib:livroKubat,
  title={An Introduction to Machine Learning},
  author={Miroslav Kubat},
  year={2017},
  publisher={Springer Nature},
  note={ISBN 978-3-319-63912-3, DOI: 10.1007/978-3-319-63913-0}
}

@book{bib:livroimbalanced,
  title={Learning from Imbalanced Data Sets},
  author={Alberto Fernández and Salvador García and Mikel Galar and Ronaldo C. Prati and Bartosz Krawczyk and Francisco Herrera},
  year={2018},
  publisher={Springer Nature},
  note={ISBN 978-3-319-98073-7, DOI: 10.1007/978-3-319-98074-4}
}

@book{bib:livroRaschka,
    Author = {Raschka, Sebastian},
    ISBN = {9781783555130},
    Publisher = {Packt Publishing},
    Series = {Community Experience Distilled},
    Title = {Python Machine Learning.},
    URL = {http://search.ebscohost.com/login.aspx?direct=true\&db=e000xww\&AN=1071004\&lang=pt-br\&site=ehost-live},
    Year = {2015}
}

@INPROCEEDINGS{bib:moiron_2007,
    author={S. {Moiron} and S. {Faria} and P. {Assuncao} and V. {Silva} and A. {Navarro}},
    booktitle={2007 IEEE International Conference on Image Processing}, 
    title={Fast Interframe Transcoding from H. 264 to MPEG-2}, 
    year={2007},
    volume={4},
    number={},
    pages={IV-69 - IV-72},
    note={doi: 10.1109/ICIP.2007.4379956}
}

@INPROCEEDINGS{bib:hur_2005,  
    author={J. {Hur} and Y. {Lee}},  
    booktitle={TENCON 2005 - 2005 IEEE Region 10 Conference}, 
    title={H.264 to MPEG-4 Resolution Reduction Transcoding},
    year={2005},  
    volume={},  
    number={},  
    pages={1-6},  
    note={doi: 10.1109/TENCON.2005.300891}
}

@book{bib:msl,
  author    = {Diego Dermeval and Jorge A. P. de M. Coelho and Ig I. Bittencourt}, 
  title     = {Mapeamento Sistem\'atico e Revis\~ao Sistem\'atica da Literatura em Inform\'atica na Educa\c{c}\~ao},
  publisher = {JAQUES, Patr\'icia Augustin; PIMENTEL, Mariano; SIQUEIRA; Sean; BITTENCOURT, Ig. (Org.)},
  year      = 2018,
  volume    = 2,
  address   = {Porto Alegre},
  note      = {S\'erie Metodologia de Pesquisa em Inform\'atica na Educa\c{c}\~ao},
  url = {https://metodologia.ceie-br.org/wp-content/uploads/2019/04/livro2\_cap3.pdf},
  isbn      = {3257227892}
}

@inproceedings{bib:raster,
  title={Etude sur la transmission électrique des impressions lumineuses},
  author={Leblanc, Maurice},
  booktitle={La Lumière électrique},
  volume={2},
  number={23},
  pages={477-481},
  year={1880}
}

@INPROCEEDINGS{bib:watermark,
    author={Noorkami, M. and Mersereau, R.M.},
    booktitle={IEEE International Conference on Image Processing 2005}, 
    title={Compressed-domain video watermarking for H.264}, 
    year={2005},
    volume={2},
    number={},
    pages={II-890},
    note={doi: 10.1109/ICIP.2005.1530199}
}

@inproceedings{bib:transcoding67,
  title={Translating and transcoding between colour-television systems with common scanning standards},
  author={Edwardson, SM},
  booktitle={Proceedings of the Institution of Electrical Engineers},
  volume={114},
  pages={23--29},
  year={1967},
  organization={IET},
  note={doi: 10.1049/piee.1967.0003}
}

@misc{bib:lumiere,
	title   = {The Lumière Brothers: Pioneers of Cinema and Colour Photography},
	url     = {https://blog.scienceandmediamuseum.org.uk/the-lumiere-brothers-pioneers-of-cinema-and-colour-photography/},
	urldate = {2020-10-27},
	author  = {{Science and Media Museum}},
	year    = {2009}
}

@misc{bib:vmaf,
	title   = {VMAF - Video Multi-Method Assessment Fusion},
	url     = {https://github.com/Netflix/vmaf},
	urldate = {2020-10-27},
	author  = {Netflix},
	year    = {2015}
}

@misc{bib:prototipotese,
	title   = {HDR - Heterotranscodificador Dinâmico e Rápido},
	url     = {https://github.com/amborges/HDR},
	urldate = {2022-12-16},
	author  = {Alex Borges},
	year    = {2022}
}

@misc{bib:thor,
	title   = {Thor Video Codec},
	url     = {https://tools.ietf.org/html/draft-fuldseth-netvc-thor-03},
	urldate = {2018-02-20},
	author  = {{Cisco Systems}},
    month   = {Jul},
	year    = {2015}
}

@misc{bib:hevc,
  author       = {B. Bross and W.-J. Han and J.R. Ohm and G. J. Sullivan and Y.-K. Wang and T. Wiegand}, 
  title        = {High Efficiency Video Coding (HEVC): text specification draft 10 (for FDIS and Consent)},
  year         = {2013},
  month        = {December},
  organization = {MPEG},
  address      = {Geneva},
  publisher    = {12th JCT-VC Meeting},
  note         = {JCTVC-L1003}  
}

@INPROCEEDINGS{bib:wang_2007,
  author={M. {Wang} and G. {Sun} and W. {Qiang}},
  booktitle={2007 IEEE International Symposium on Signal Processing and Information Technology}, 
  title={Efficient Intra Mode Decision for AVS to H.264/AVC Transcoding}, 
  year={2007},
  volume={},
  number={},
  pages={948-951},
  note={doi: 10.1109/ISSPIT.2007.4458052}
}

@INPROCEEDINGS{bib:zhang_2010,
  author={X. {Zhang} and L. {Liang} and Q. {Huang} and T. {Huang} and W. {Gao}},
  booktitle={28th Picture Coding Symposium}, 
  title={A background model based method for transcoding surveillance videos captured by stationary camera}, 
  year={2010},
  volume={},
  number={},
  pages={78-81},
  note={doi: 10.1109/PCS.2010.5702583}
}

@INPROCEEDINGS{bib:nugyen_2005,
  author={Viet-Anh Nugyen and Yap-Peng Tan},
  booktitle={IEEE International Conference on Image Processing 2005}, 
  title={Efficient H.263 to H.264/AVC video transcoding using enhanced rate control}, 
  year={2005},
  volume={3},
  number={},
  pages={III-652},
  note={doi: 10.1109/ICIP.2005.1530476}
}

@INPROCEEDINGS{bib:shen_2004,
  author={Bo Shen},
  booktitle={2004 International Conference on Image Processing, 2004. ICIP '04.}, 
  title={From 8-tap DCT to 4-tap integer-transform for MPEG to H.264/AVC transcoding}, 
  year={2004},
  volume={1},
  number={},
  pages={115-118 Vol. 1},
  note={doi: 10.1109/ICIP.2004.1418703}
}

@misc{bib:hevcFees:vaughan,
    title = {HEVC Advance Reduces Proposed License Fees},
    url = {http://x265.org/hevc-advance-reduces-proposed-license-fees/},
    urldate = {2020-08-12},
    author = {Vaughan, T.},
    month = {december}, 
    year = {2015}, 
    publisher = {X265}
}

@ARTICLE{bib:xin_2022,
    author={Longkun Xin and Yang Zhang},
    journal={Journal of Physics: Conference Series}, 
    title={An efficient video transcoding algorithm from h.264 to hevc}, 
    year={2022},
    volume={2253},
    number={},
    pages={1-8},
    note={doi: 10.1088/1742-6596/2253/1/012029}
}

@misc{bib:china_codecs,
    title = {The China Problem: Government-Sponsored Formats Are Incompatible},
    url = {https://www.streamingmedia.com/Articles/Editorial/Featured-Articles/The-China-Problem-Government-Sponsored-Formats-Are-Incompatible-115128.aspx},
    urldate = {2022-08-12},
    author = {Tim Siglin},
    day = 5,
    month = {Dec.}, 
    year = {2016}, 
    publisher = {streamingmedia}
}

@misc{bib:hevcFees:ozer,
    title = {HEVC Advance Cuts Content Fees on Streaming},
    url = {https://www.streamingmedia.com/Articles/News/Online-Video-News/HEVC-Advance-Cuts-Content-Fees-on-Streaming-123828.aspx},
    urldate = {2020-08-12},
    author = {Jan Ozer},
    day = 13,
    month = {Mar.}, 
    year = {2018}, 
    publisher = {streamingmedia}
}

@misc{bib:vvcFees,
    title = {Battle of the Video Codecs: Coding-Efficient VVC vs. Royalty-Free AV1},
    url = {https://spectrum.ieee.org/tech-talk/computing/software/battle-video-codecs-hevc-coding-efficiency-vvc-royalty-free-av1},
    urldate = {2021-03-26},
    author = {Rina Diane Caballar},
    day = 05,
    month = {Fev.}, 
    year = {2020}, 
    publisher = {IEEE Spectrum}
}

@misc{bib:aomediaSite,
    title = {Alliance for Open Media: An Alliance of Global Media Innovators},
    url = {http://aomedia.org/},
    urldate = {2020-08-12},
    author = {AOMedia},
    year = {2015}
}

@article{bib:ramirez_2020,
  title={YouTube and coronavirus: analysis of video consumption on the COVID-19 pandemic},
  author={Marta Gil Ram{\'\i}rez and Ruth G{\'o}mez de Travesedo Rojas and Ana Almansa Mart{\'\i}nez},
  journal={Revista Latina de Comunicaci{\'o}n Social},
  volume={78},
  pages={121--153},
  year={2020},
  note ={doi: 10.4185/RLCS-2020-1471}
}

@misc{bib:clapp_2021,
    title = {COVID-19 causes digital consumption to rise by over 30\%, forming new and lasting consumer habits},
    url = {https://www.warc.com/newsandopinion/opinion/covid-19-causes-digital-consumption-to-rise-by-over-30\\-forming-new-and-lasting-consumer-habits/en-gb/4209},
    urldate = {2022-14-03},
    author = {Rob Clapp},
    year = {2021},
    month = {April}
}

@INPROCEEDINGS{bib:bottger_2020,
    author    = {B\"{o}ttger, Timm and Ibrahim, Ghida and Vallis, Ben},
    title     = {How the Internet Reacted to Covid-19: A Perspective from Facebook's Edge Network},
    year      = {2020},
    isbn      = {9781450381383},
    publisher = {Association for Computing Machinery},
    address   = {New York, NY, USA},
    note      = {doi: 10.1145/3419394.3423621},
    booktitle = {Proceedings of the ACM Internet Measurement Conference},
    pages     = {34–41},
    numpages  = {8},
    location  = {Virtual Event, USA},
    series    = {IMC '20}
}

@misc{bib:bitmovin_report_2020,
    title = {Bitmovin's 4th Annual Video Developer Report 2020},
    author = {Inc. Bitmovin},
    url = {https://go.bitmovin.com/video-developer-report-2020},
    urldate = {2021-03-19},
    year = {2020}, 
    publisher = {Bitmovin}
}

@misc{bib:bitmovin_ott_report_2020,
    title = {The Definitive Guide to Video Codecs},
    author = {Inc. Bitmovin},
    url = {https://go.bitmovin.com/video-codec-guide},
    urldate = {2021-06-04},
    year = {2021}, 
    publisher = {Bitmovin}
}

@misc{bib:5to9google,
    title = {YouTube and Netflix may require AV1 hardware decoding in the future},
    author = {Ben Schoon},
    url = {https://9to5google.com/2021/01/27/youtube-av1-netflix-requirement/},
    urldate = {2021-06-04},
    year = {2021}, 
    publisher = {5 to 9 Google}
}

@misc{bib:av1Spec,
    title = {AV1 Bitstream \& Decoding Process Specification},
    url = {https://aomediacodec.github.io/av1-spec/av1-spec.pdf},
    urldate = {2019-01-20},
    author = {Peter de Rivaz and Jack Haughton},
    month = {june}, 
    year = {2018}, 
    publisher = {AOMedia}
}

@article{bib:av1_overview_2020, 
    title={An Overview of Coding Tools in AV1: the First Video Codec from the Alliance for Open Media}, 
    volume={9},
    journal={APSIPA Transactions on Signal and Information Processing},
    publisher={Cambridge University Press}, 
    author={Yue Chen and Debargha Mukherjee and Jingning Han and Adrian Grange and Yaowu Xu and Sarah Parker and Cheng Chen and Hui Su and Urvang Joshi and Ching-Han Chiang and et al.}, 
    year={2020}, 
    pages={1--15},
    note={doi: 10.1017/ATSIP.2020.2}
}

@book{bib:fourier,
  title={The Fourier transform and its applications},
  author={Bracewell, Ronald Newbold},
  volume={31999},
  year={1986},
  publisher={McGraw-Hill New York}
}

@INPROCEEDINGS{bib:guo_2018,
  author={B. Guo and Y. Han and J. Wen},
  booktitle={2018 IEEE International Conference on Multimedia and Expo (ICME)}, 
  title={Fast Block Structure Determination in Av1-Based Multiple Resolutions Video Encoding}, 
  year={2018},
  month={Jul.},
  volume={},
  number={},
  pages={1-6},
  note = {doi: 10.1109/ICME.2018.8486492}
}

@INPROCEEDINGS{bib:guo2_2018,
  author={B. Guo and X. Chen and J. Gu and Y. Han and J. Wen},
  booktitle={2018 Data Compression Conference}, 
  title={A Bayesian Approach to Block Structure Inference in AV1-Based Multi-Rate Video Encoding}, 
  year={2018},
  month={Jul.},
  volume={},
  number={},
  pages={383-392},
  note = {doi: 10.1109/DCC.2018.00047}
}

@INPROCEEDINGS{bib:jeong_2019,
  author={J. Jeong and G. Gankhuyag and Y. Kim},
  booktitle={2019 34th International Technical Conference on Circuits/Systems, Computers and Communications (ITC-CSCC)}, 
  title={A Fast Intra Mode Decision Based on Accuracy of Rate Distortion Model for AV1 Intra Encoding}, 
  year={2019},
  month={Jun.},
  volume={},
  number={},
  pages={1-3},
  note = {doi: 10.1109/ITC-CSCC.2019.8793367}
}

@INPROCEEDINGS{bib:jeong2_2019,
  author={J. Jeong and G. Gankhuyag and Y. -H. Kim},
  booktitle={2019 International Conference on Information and Communication Technology Convergence (ICTC)}, 
  title={Fast Chroma Prediction Mode Decision based on Luma Prediction Mode for AV1 Intra Coding}, 
  year={2019},
  month={Out.},
  volume={},
  number={},
  pages={1050-1052},
  note = {doi: 10.1109/ICTC46691.2019.8939936}
}

@INPROCEEDINGS{bib:gankhuyag_2019,
  author={G. Gankhuyag and J. Jeong and Y. -H. Kim},
  booktitle={2019 International Conference on Information and Communication Technology Convergence (ICTC)}, 
  title={Advanced Motion-Constrained AV1 Encoder for 8K 360 VR Tiled Streaming}, 
  year={2019},
  month={Dec.},
  volume={},
  number={},
  pages={682-684},
  note = {doi: 10.1109/ICTC46691.2019.8939730}
}

@INPROCEEDINGS{bib:kim_2019,
  author={J. Kim and S. Blasi and A. S. Dias and M. {Mrak} and E. Izquierdo},
  booktitle={ICASSP 2019 - 2019 IEEE International Conference on Acoustics, Speech and Signal Processing (ICASSP)}, 
  title={Fast Inter-prediction Based on Decision Trees for AV1 Encoding}, 
  year={2019},
  month={May.},
  volume={},
  number={},
  pages={1627-1631},
  note = {doi: 10.1109/ICASSP.2019.8683580}
}

@INPROCEEDINGS{bib:chiang_2019,
  author={C. Chiang and J. Han and Y. Xu},
  booktitle={2019 Data Compression Conference (DCC)}, 
  title={A Multi-Pass Coding Mode Search Framework For AV1 Encoder Optimization}, 
  year={2019},
  month={Mar.},
  volume={},
  number={},
  pages={458-467},
  note = {doi: 10.1109/DCC.2019.00054}
}

@INPROCEEDINGS{bib:su_2019,
  author={H. Su and M. Chen and A. Bokov and D. Mukherjee and Y. Wang and Y. Chen},
  booktitle={2019 Picture Coding Symposium (PCS)}, 
  title={Machine Learning Accelerated Transform Search For AV1}, 
  year={2019},
  month={Nov.},
  volume={},
  number={},
  pages={1-5},
  note = {doi: 10.1109/PCS48520.2019.8954514}
}

@INPROCEEDINGS{bib:chen2_2019,
  author={G. Chen and D. Ding and D. Mukherjee and U. Joshi and Y. Chen},
  booktitle={2019 IEEE International Conference on Image Processing (ICIP)}, 
  title={AV1 in-loop Filtering using a Wide-Activation Structured Residual Network}, 
  year={2019},
  month={Sep.},
  volume={},
  number={},
  pages={1725-1729},
  doi={10.1109/ICIP.2019.8803127}}

@INPROCEEDINGS{bib:chen_2019,
  author={X. Chen and B. Guo and M. Tang and Y. Han and J. Wen},
  booktitle={2019 IEEE International Conference on Multimedia and Expo (ICME)}, 
  title={A Conditional Bayesian Block Structure Inference Model for Optimized AV1 Encoding}, 
  year={2019},
  month={Jul.},
  volume={},
  number={},
  pages={1270-1275},
  note = {doi: 10.1109/ICME.2019.00221}
}

@ARTICLE{bib:av1_overview_2021,
  author={J. Han and B. Li and D. Mukherjee and C. -H. Chiang and A. Grange and C. Chen and H. Su and S. Parker and S. Deng and U. Joshi and Y. Chen and Y. Wang and P. Wilkins and Y. Xu and J. Bankoski},
  journal={Proceedings of the IEEE}, 
  title={A Technical Overview of AV1}, 
  year={2021},
  pages={1-28},
  note = {doi: 10.1109/JPROC.2021.3058584}
}

@INPROCEEDINGS{bib:mansri_2020,
  author={I. Mansri and N. Doghmane and N. Kouadria and S. Harize and A. Bekhouch},
  booktitle={2020 Fourth International Conference on Multimedia Computing, Networking and Applications (MCNA)}, 
  title={Comparative Evaluation of VVC, HEVC, H.264, AV1, and VP9 Encoders for Low-Delay Video Applications}, 
  year={2020},
  pages={38-43},
  note = {doi: 10.1109/MCNA50957.2020.9264275}
}

@inproceedings{bib:esakki_2020,
	author = {Gangadharan Esakki and Andreas Panayides and Sravani Teeparthi and Marios Pattichis},
	title = {A comparative performance evaluation of VP9, x265, SVT-AV1, VVC codecs leveraging the VMAF perceptual quality metric},
	volume = {11510},
	booktitle = {Applications of Digital Image Processing XLIII},
	editor = {Andrew G. Tescher and Touradj Ebrahimi},
	organization = {International Society for Optics and Photonics},
	publisher = {SPIE},
	pages = {181 -- 191},
	year = {2020},
	doi = {10.1117/12.2567392},
}

@article{bib:garcialucas_2020,
    author= {D. Garc\'ia-Lucas and G. Cebri\'an-M\'arquez and P. Cuenca},
    title={Rate-distortion/complexity analysis of HEVC, VVC and AV1 video codecs},
    journal={Multimed Tools Appl 79}, 
    pages={29621–29638},
    year={2020},
    note = {doi: 10.1007/s11042-020-09453-w}
}

@INPROCEEDINGS{bib:chen_2018,
    author={Y. Chen and D. Murherjee and J. Han and A. Grange and Y. Xu and Z. Liu and S. Parker and C. Chen and H. Su and U. Joshi and C. Chiang and Y. Wang and P. Wilkins and J. Bankoski and L. Trudeau and N. Egge and J. Valin and T. Davies and S. Midtskogen and A. Norkin and P. de Rivaz},
    booktitle={2018 Picture Coding Symposium (PCS)}, 
    title={An Overview of Core Coding Tools in the AV1 Video Codec}, 
    year={2018},
    pages={41-45},
    note = {doi: 10.1109/PCS.2018.8456249}
}

@InProceedings{bib:li_2019,
	author={Zhuoran Li and Zhengfang Duanmu and Wentao Liu and Zhou Wang},
	editor={Fakhri Karray and Aur{\'e}lio Campilho and Alfred Yu},
	title={AVC, HEVC, VP9, AVS2 or AV1? --- A Comparative Study of State-of-the-Art Video Encoders on 4K Videos},
	booktitle={Image Analysis and Recognition},
	year={2019},
	publisher={Springer International Publishing},
	address={Cham},
	pages={162--173},
	note = {ISBN: 978-3-030-27202-9, doi: 10.1007/978-3-030-27202-9\_14}
}

@inproceedings{bib:topiwala_2018,
	author = {Pankaj Topiwala and Madhu Krishnan and Wei Dai},
	title = {Performance comparison of VVC, AV1, and HEVC on 8-bit and 10-bit content},
	volume = {10752},
	booktitle = {Applications of Digital Image Processing XLI},
	editor = {Andrew G. Tescher},
	organization = {International Society for Optics and Photonics},
	publisher = {SPIE},
	pages = {305 -- 314},
	year = {2018},
	note = {doi: 10.1117/12.2322024},
}

@article{bib:compare:ruim1,
  title={Performance Analysis of AV1 for Video Coding in Very Low Bit Rates},
  author={Md Abu Layek and Ngo Quang Thai and Md Alamgir Hossain and Ngo Thien Thu and Le Pham Tuyen and Ashis Talukder and TaeChoong Chung and Eui-Nam Huh},
  journal={Proceedings of the Korean Information Science Society},
  pages={118--120},
  year={2017}
}

@INPROCEEDINGS{bib:grois_2016,
    author={Dan Grois and Tung Nguyen and Detlev Marpe}, 
    booktitle={2016 Picture Coding Symposium (PCS)}, 
    title={Coding efficiency comparison of AV1/VP9, H.265/MPEG-HEVC, and H.264/MPEG-AVC encoders}, 
    month={Dec},
    year={2016}, 
    pages={1-5}, 
    note = {doi: 10.1109/PCS.2016.7906321},
}

@inproceedings{bib:grois_2018,
    author = {Dan Grois and Tung Nguyen and Detlev Marpe},
    title = {Performance comparison of AV1, JEM, VP9, and HEVC encoders},
    volume = {10396},
    booktitle = {Applications of Digital Image Processing XL},
    editor = {Andrew G. Tescher},
    organization = {International Society for Optics and Photonics},
    publisher = {SPIE},
    pages = {68 -- 79},
    year = {2018},
    note = {doi: 10.1117/12.2283428},
}

@INPROCEEDINGS{bib:akyazi_2018, 
    author={Pinar Akyazi and Touradj Ebrahimi}, 
    booktitle={2018 Twentieth International Conference on Quality of Multimedia Experience (QoMEX)}, 
    title={Comparison of Compression Efficiency between HEVC/H.265, VP9 and AV1 based on Subjective Quality Assessments}, 
    month={May},
    year={2018}, 
    pages={1-6}, 
    note = {doi: 10.1109/QoMEX.2018.8463294},
}

@INPROCEEDINGS{bib:laude_2018,  
    author={T. Laude and Y. G. Adhisantoso and J. Voges and M. Munderloh and J. Ostermann},  
    booktitle={2018 Picture Coding Symposium (PCS)},   
    title={A Comparison of JEM and AV1 with HEVC: Coding Tools, Coding Efficiency and Complexity},   
    year={2018},  
    pages={36-40},  
    note = {doi: 10.1109/PCS.2018.8456291}
}

@INPROCEEDINGS{bib:nguyen_2018,
  author={T. Nguyen and D. Marpe},
  booktitle={2018 Picture Coding Symposium (PCS)}, 
  title={Future Video Coding Technologies: A Performance Evaluation of AV1, JEM, VP9, and HM}, 
  year={2018},
  pages={31-35},
  note = {doi: 10.1109/PCS.2018.8456289}
}

@INPROCEEDINGS{bib:compare:bom2,  
    author={Isis Bender and Daniel Palomino and Luciano Agostini and Guilherme Correa and Marcelo Porto},
    booktitle={2019 27th European Signal Processing Conference (EUSIPCO)},   
    title={Compression Efficiency and Computational Cost Comparison between AV1 and HEVC Encoders},  
    year={2019},  
    volume={},  
    number={},  
    pages={1-5},
    note = {doi: 10.23919/EUSIPCO.2019.8903006}
}

@INPROCEEDINGS{bib:av1:fastinter,
    author={Jieon Kim and Saverio Blasi and Andre Seixas Dias and Marta Mrak and Ebroul Izquierdo},  
    booktitle={ICASSP 2019 - 2019 IEEE International Conference on Acoustics, Speech and Signal Processing (ICASSP)},
    title={Fast Inter-prediction Based on Decision Trees for AV1 Encoding},
    year={2019},
    volume={},
    number={},
    pages={1627-1631},
    note={doi: 10.1109/ICASSP.2019.8683580}
}

@INPROCEEDINGS{bib:av1:newrdcost,  
    author={Chen Zhu and Li Song and Rong Xie and Jingning Han and Yaowu Xu},  
    booktitle={2019 Picture Coding Symposium (PCS)},
    title={JND-based Perceptual Rate Distortion Optimization for AV1 Encoder},
    year={2019},
    volume={},
    number={},
    pages={1-5},
    note = {doi: 10.1109/PCS48520.2019.8954513}
}

@INPROCEEDINGS{bib:av1:MLtoTransform,  
    author={Hui Su and Mingliang Chen and Alexander Bokov and Debargha Mukherjee and Yunqing Wang and Yue Chen},
    booktitle={2019 Picture Coding Symposium (PCS)},   
    title={Machine Learning Accelerated Transform Search For AV1},   
    year={2019},  
    volume={},  
    number={},  
    pages={1-5},
    note = {doi: 10.1109/PCS48520.2019.8954514}
}

@INPROCEEDINGS{bib:av1_ml_partitioning,
    author={Su, Hui and Tsai, Chi-Yo and Wang, Yunqing and Xu, Yaowu},
    booktitle={2019 IEEE International Conference on Image Processing (ICIP)}, 
    title={Machine Learning Accelerated Partition Search for Video Encoding}, 
    year={2019},
    volume={},
    number={},
    pages={2661-2665},
    note={doi: 10.1109/ICIP.2019.8803311}
}

@INPROCEEDINGS{bib:av1:hardwareToCDEF,  
    author={Eduardo Zummach and Roberta Palau and Jones Goebel and Luciano Agostini and Marcelo Porto},  
    booktitle={2020 IEEE 11th Latin American Symposium on Circuits   Systems (LASCAS)},   
    title={High-Throughput CDEF Architecture for the AV1 Decoder Targeting 4K@60fps Videos},   
    year={2020},  
    volume={},  
    number={},  
    pages={1-4},
    note = {doi: 10.1109/LASCAS45839.2020.9068979}
}

@misc{bib:libaom,
	title   = {AV1 Codec Library},
	url     = {https://aomedia.googlesource.com/aom/},
	urldate = {2022-12-26},
	author  = {{Alliance for Open Media}},
	year    = {2015}
}

@misc{bib:verizon_2021,
	title   = {Verizon’s Network COVID-19 Reliability Report},
	url     = {https://www.verizon.com/about/news/how-americans-are-spending-their-time-temporary-new-normal},
	urldate = {2021-07-26},
	author  = {Verizon},
	year    = {2021}
}

@misc{bib:av2_avm,
	title   = {AVM Codec Library},
	url     = {https://gitlab.com/AOMediaCodec/avm},
	urldate = {2022-09-29},
	author  = {{Alliance for Open Media}},
	year    = {2020}
}

@misc{bib:libvpx,
	title   = {WebM VP8/VP9 Codec SDK!},
	url     = {https://chromium.googlesource.com/webm/libvpx},
	urldate = {2021-03-26},
	author  = {Google},
	year    = {2021}
}

@misc{bib:svtav1,
	title   = {Scalable Video Technology for AV1 (SVT-AV1 Encoder and Decoder)},
	url     = {https://github.com/OpenVisualCloud/SVT-AV1},
	urldate = {2020-08-13},
	author  = {Open Visual Cloud},
	year    = {2019}
}

@misc{bib:aurora,
	title   = {Aurora1 AV1 Encoder},
	url     = {https://visionular.com/products/aurora1-av1-encoder/},
	urldate = {2020-08-13},
	author  = {Visionular},
	year    = {2019}
}

@misc{bib:millicast,
	title   = {Millicast demonstrates real-time video broadcasting using AV1 at CommCon 2019},
	url     = {https://medium.com/millicast/millicast-demonstrates-real-time-video-broadcasting-using-av1-at-commcon-2019-6256f47d0065},
	urldate = {2020-08-13},
	author  = {Millicast},
	month = {Jul.},
	year    = {2019}
}

@article{bib:randomsearch,
    title={Random search for hyper-parameter optimization.},
    author={Bergstra, James and Bengio, Yoshua},
    journal={Journal of machine learning research},
    volume={13},
    number={2},
    pages={281-305},
    year={2012}
}

@misc{bib:halvingrandomsearch,
	title   = {Searching for optimal parameters with successive halving},
	url     = {https://scikit-learn.org/stable/modules/grid\_search.html\#successive-halving-user-guide},
	urldate = {2022-12-19},
	author  = {{Scikit-Learn}},
	year    = {2022}
}

@misc{bib:ietfnetvct,
	title   = {Video Codec Testing and Quality Measurement},
	url     = {https://tools.ietf.org/html/draft-ietf-netvc-testing-09},
	urldate = {2020-10-10},
	author  = {T. Daede and A. Norkin and I. Brailovskiy},
    month   = {Jan.},
	year    = {2020}
}

@misc{bib:CART_matematica,
	title   = {Decision Tree: mathematical formulation},
	url     = {https://scikit-learn.org/stable/modules/tree.html\#tree-mathematical-formulation},
	urldate = {2022-09-29},
	author  = {{scikit-learn}},
    month   = {Aug},
	year    = {2021}
}

@misc{bib:CART_cppalpha,
	title   = {Decision Tree: minimal cost-complexity pruning},
	url     = {https://scikit-learn.org/stable/modules/tree.html\#minimal-cost-complexity-pruning},
	urldate = {2022-09-29},
	author  = {{scikit-learn}},
    month   = {Aug},
	year    = {2021}
}


@misc{bib:av2ctc,
	title   = {AOM Common Test Conditions v2.0},
	url     = {https://aomedia.org/docs/CWG-B075o\_AV2\_CTC\_v2.pdf},
	urldate = {2022-09-29},
	author  = {Xin Zhao and Zhijun Lei and Andrey Norkin and Thomas Daede and Alexis Tourapis},
    month   = {Aug},
	year    = {2021}
}

@misc{bib:ciscoav1,
	title   = {Cisco Leap Frogs H.264 Video Collaboration with Real-Time AV1 Codec},
	url     = {https://blogs.cisco.com/collaboration/cisco-leap-frogs-h-264-video-collaboration-with-real-time-av1-codec},
	urldate = {2020-08-13},
	author  = {Thomas Davies},
	month = {Jun.},
	year    = {2019},
	publisher = {CISCO}
}

@misc{bib:rav1e,
	title   = {rav1e: The fastest and safest AV1 encoder},
	url     = {https://github.com/xiph/rav1e},
	urldate = {2020-08-13},
	author  = {XIPH},
	year    = {2018}
}

@misc{bib:eveav1,
	title   = {Eve-AV1: Making the new standard for video compression a reality},
	url     = {https://www.twoorioles.com/eve-av1},
	urldate = {2020-08-13},
	author  = {{Two Orioles}},
	year    = {2019}
}

@article{bib:autoencoder,
	author = {G. E. Hinton  and R. R. Salakhutdinov },
	title = {Reducing the Dimensionality of Data with Neural Networks},
	journal = {Science},
	volume = {313},
	number = {5786},
	pages = {504-507},
	year = {2006},
	note = {doi: 10.1126/science.1127647}
}

@ARTICLE{bib:rdo_sullivan,
  author={Sullivan, G.J. and Wiegand, T.},
  journal={IEEE Signal Processing Magazine}, 
  title={Rate-distortion optimization for video compression}, 
  year={1998},
  volume={15},
  number={6},
  pages={74-90},
  note={doi: 10.1109/79.733497}
}

@misc{bib:dav1d,
	title   = {dav1d},
	url     = {https://code.videolan.org/videolan/dav1d},
	urldate = {2020-08-13},
	author  = {VideoLan},
	year    = {2019}
}

@misc{bib:gprof2dot,
	title   = {gprof2dot},
	url     = {https://github.com/jrfonseca/gprof2dot},
	urldate = {2020-09-19},
	author  = {Jos\'e Fonseca},
	year    = {2014}
}

@INPROCEEDINGS{bib:hevc3d,
  author={W. Ahmad and M. Martina and G. Masera},
  booktitle={2015 International Conference on 3D Imaging (IC3D)}, 
  title={Complexity and implementation analysis of synthesized view distortion estimation architecture in 3D High Efficiency Video Coding}, 
  year={2015},
  volume={},
  number={},
  pages={1-8. DOI: 10.1109/IC3D.2015.7391818}
}

@INPROCEEDINGS{bib:jvet,  
    author={A. A. Mohammadi and M. S. Alizadeh and M. Sharifkhani},  
    booktitle={2018 IEEE International Symposium on Circuits and Systems (ISCAS)},   
    title={JVET Encoder Complexity Analysis},   
    year={2018},  
    volume={},  
    number={},  
    pages={1-5},
    note={DOI:10.1109/ISCAS.2018.8351442}
}


@InProceedings{bib:zhuoran_2019,
	author="Li, Zhuoran and Duanmu, Zhengfang and Liu, Wentao and Wang, Zhou",
	editor="Karray, Fakhri and Campilho, Aur{\'e}lio and Yu, Alfred",
	title="AVC, HEVC, VP9, AVS2 or AV1? --- A Comparative Study of State-of-the-Art Video Encoders on 4K Videos",
	booktitle="Image Analysis and Recognition",
	year="2019",
	publisher="Springer International Publishing",
	address="Cham",
	pages="162--173",
	note="doi: 10.1007/978-3-030-27202-9\_14"
}


@misc{bib:siti,
	title   = {Subjective Video Quality Assessment Methods for Multi-Media Applications},
	url     = {https://www.itu.int/rec/T-REC-P.910-200804-I},
	urldate = {2018-02-18},
	author  = {{ITU-R P.910}},
	year    = {2008}
}

@misc{bib:siti_original,
	title   = {Spatial and Temporal Information Measures for Video Quality},
	url     = {https://www.its.bldrdoc.gov/publications/details.aspx?pub=2617},
	urldate = {2022-05-08},
	author  = {Arthur Webster and Steve Wolf},
	year    = {1992},
	month   = {Jan.}
}


@misc{bib:bdrate,
    title   = {Calculation of average PSNR differences between RD-curves},
	url     = {http://wftp3.itu.int/av-arch/video-site/0104\_Aus/VCEG-M33.doc},
	urldate = {2020-09-13},
	author  = {G. Bj{\o}ntegaard},
	year    = {2001}
}

@INPROCEEDINGS{bib:av1intrahardware,
  author={M. Correa and B. Waskow and B. Zatt and D. Palomino and G. Correa and L. Agostini},
  booktitle={2019 IEEE International Symposium on Circuits and Systems (ISCAS)}, 
  title={High Throughput Hardware Design for AV1 Paeth and Smooth Intra Modes}, 
  year={2019},
  volume={},
  number={},
  pages={1-5, doi: 10.1109/ISCAS.2019.8702258}
 }


@misc{bib:av1bible,
	title   = {A Technical Overview of AV1},
	url     = {https://arxiv.org/abs/2008.06091},
	urldate = {2020-09-13},
	author  = {Jingning Han and Bohan Li and Debargha Mukherjee and Ching-Han Chiang and Cheng Chen and Hui Su and Sarah Parker and Urvang Joshi and Yue Chen and Yunqing Wang and Paul Wilkins and Yaowu Xu and James Bankoski},
	year    = {2020}
}

@INPROCEEDINGS{bib:swann_1996,
  author={Swann, R. and Kingsbury, N.},
  booktitle={Proceedings of 3rd IEEE International Conference on Image Processing}, 
  title={Transcoding of MPEG-II for enhanced resilience to transmission errors}, 
  year={1996},
  volume={2},
  number={},
  pages={813-816},
  note={doi: 10.1109/ICIP.1996.561029}
}

@INPROCEEDINGS{bib:shen_1997,
  author={Shen, D. and Sethi, I.E. and Bhaskaran, V.},
  booktitle={Proceedings of International Conference on Image Processing}, 
  title={Adaptive motion vector resampling for compressed video down-scaling}, 
  year={1997},
  volume={1},
  number={},
  pages={771-774},
  note={doi: 10.1109/ICIP.1997.648076}
}

@Article{bib:zhai_2020,
    author={Zhai, Guangtao and Min, Xiongkuo},
    title={Perceptual image quality assessment: a survey},
    journal={Science China Information Sciences},
    year={2020},
    month={Apr.},
    day={26},
    volume={63},
    number={11},
    pages={211301},
    issn={1869-1919},
    note={doi: 10.1007/s11432-019-2757-1}
}

@ARTICLE{bib:cock_2009,
  author={{de Cock}, Jan and Notebaert, Stijn and Lambert, Peter and Van de Walle, Rik},
  journal={IEEE Transactions on Multimedia}, 
  title={Architectures for Fast Transcoding of H.264/AVC to Quality-Scalable SVC Streams}, 
  year={2009},
  volume={11},
  number={7},
  pages={1209-1224},
  note={doi: 10.1109/TMM.2009.2030606}
}

@INPROCEEDINGS{bib:amon_2008,
  author={Amon, Peter and Haoyu Li and Hutter, Andreas and Renzi, Daniele and Battista, Stefano},
  booktitle={2008 IEEE International Conference on Automation, Quality and Testing, Robotics}, 
  title={Scalable video coding and transcoding}, 
  year={2008},
  volume={1},
  number={},
  pages={336-341},
  note={doi: 10.1109/AQTR.2008.4588764}
}

@misc{bib:libgav1,
	title   = {libgav1 -- An AV1 decoder},
	url     = {https://chromium.googlesource.com/codecs/libgav1/},
	urldate = {2020-08-18},
	author  = {Google},
	year    = {2019}
}

@misc{bib:xilinx,
	title   = {Supermicro, Boston Ltd. and Cortical.io Roll Out Two Servers and Two Appliances Using Xilinx Alveo Accelerator Cards},
	url     = {https://forums.xilinx.com/t5/Xilinx-Xclusive-Blog/Supermicro-Boston-Ltd-and-Cortical-io-Roll-Out-Two-Servers-and/ba-p/1042347},
	urldate = {2020-08-13},
	author  = {{Xilinx Employee}},
	year    = {2019}
}

@misc{bib:socionext,
	title   = {Socionext Implements AV1 Encoder on FPGA over Cloud Service},
	url     = {https://www.eu.socionext.com/nextnews/socionext-implements-av1-encoder-on-fpga-over-cloud-service-06062018/},
	urldate = {2020-08-13},
	author  = {Socionext},
	year    = {2018}
}

@misc{bib:h261,
	title   = {Recommendation H.261: Codec for Audiovisual Services at n x 384 kbit/s},
	url     = {https://www.itu.int/rec/T-REC-H.261-198811-S/en},
	urldate = {2020-08-13},
	author  = {{International Telecommunication Union}},
    month   = {Nov},
	year    = {1988}
}

@ARTICLE{bib:vp9overview,  
    author={Debargha Mukherjee and Jingning Han and Jim Bankoski and Ronald Bultje and Adrian Grange and John Koleszar and Paul Wilkins and Yaowu Xu},
    journal={SMPTE Motion Imaging Journal},   
    title={A Technical Overview of VP9—The Latest Open-Source Video Codec},   
    year={2015},  
    volume={124},  
    number={1},  
    pages={44-54},
    note = {doi: 10.5594/j18499}
}

@article{bib:av1filtrohardware,
    author={Palau, Roberta de Carvalho Nobre and Jones Goebel and Daniel Palomino and Guilherme Correa and Marcelo Porto and Luciano Agostini},
    journal={Journal of Integrated Circuits and Systems},   
    title={Real-Time and Low-Power HEVC Deblocking Filter Architecture Targeting 8K UHD @ 60fps Videos},   
    year={2020},  
    volume={15},  
    number={1},  
    pages={1-9},
    note = {doi: 10.29292/jics.v15i1.59}
}

@INPROCEEDINGS{bib:interpaper1,  
    author={J. Kim and S. Blasi and A. S. Dias and M. Mrak and E. Izquierdo},  
    booktitle={ICASSP 2019 - 2019 IEEE International Conference on Acoustics, Speech and Signal Processing (ICASSP)},   
    title={Fast Inter-prediction Based on Decision Trees for AV1 Encoding},   
    year={2019},  
    volume={},  
    number={},  
    pages={1627-1631},
    note={doi: 10.1109/ICASSP.2019.8683580}
}

@INPROCEEDINGS{bib:interhardwarepaper1,  
    author={Z. Deng and I. Moccagatta},
    booktitle={2017 IEEE International Conference on Image Processing (ICIP)},  
    title={Hardware-friendly inter prediction techniques for AV1 video coding},   
    year={2017},  
    volume={},  
    number={},  
    pages={948-952},
    note={doi: 10.1109/ICIP.2017.8296421}
}

@ARTICLE{bib:interhardwarepaper2,  
    author={R. Domanski and J. Goebel and W. Penny and M. Porto and D. Palomino and B. Zatt and L. Agostini},  
    journal={IEEE Transactions on Circuits and Systems II: Express Briefs},   
    title={High-Throughput Multifilter Interpolation Architecture for AV1 Motion Compensation},
    year={2019},  
    volume={66},  
    number={5},  
    pages={883-887},
    note={doi: 10.1109/TCSII.2019.2909705}
}

@inproceedings{bib:kucukgoz_2004,
	author = {Mehmet Kucukgoz and Ming-Ting Sun},
	title = {Early-stop and motion vector reuse for MPEG-2 to H.264 transcoding},
	volume = {5308},
	booktitle = {Visual Communications and Image Processing 2004},
	editor = {Sethuraman Panchanathan and Bhaskaran Vasudev},
	organization = {International Society for Optics and Photonics},
	publisher = {SPIE},
	pages = {932 -- 936},
	year = {2004},
	note = {doi: 10.1117/12.522040}
}

@INPROCEEDINGS{bib:yuan_2004,
  author={Lujun Yuan and  Feng Wu and Qi Chen and Shipeng Li and Wen Gao},
  booktitle={2004 IEEE International Symposium on Circuits and Systems (IEEE Cat. No.04CH37512)}, 
  title={The fast close-loop video transcoder with limited drifting error}, 
  year={2004},
  month={May},
  volume={3},
  number={},
  pages={III-769},
  note = {doi: 10.1109/ISCAS.2004.1328860}}
  
@INPROCEEDINGS{bib:zhou_2005,
  author={Zhi Zhou and Shijun Sun and Shawmin Lei and Ming-Ting Sun},
  booktitle={2005 IEEE International Symposium on Circuits and Systems}, 
  title={Motion information and coding mode reuse for MPEG-2 to H.264 transcoding}, 
  year={2005},
  month={May},
  volume={},
  number={},
  pages={1230-1233 Vol. 2},
  note = {doi: 10.1109/ISCAS.2005.1464816}
}

@INPROCEEDINGS{bib:han_2006,
  author={Zhen Han and Ruimin Hu and Li Zhu and Xinchen Zhang and Qiong Liu},
  booktitle={First International Conference on Innovative Computing, Information and Control - Volume I (ICICIC'06)}, 
  title={Fast Inter Mode Selection Algorithm in MPEG-2-to-AVS Transcoder}, 
  year={2006},
  month={Sep.},
  volume={2},
  number={},
  pages={213-216},
  note = {doi: 10.1109/ICICIC.2006.275}
}

@INPROCEEDINGS{bib:han2_2006,
  author={Z. Han and R. Hu and L. Zhu and Q. Liu},
  booktitle={2006 International Conference on Wireless Communications, Networking and Mobile Computing}, 
  title={MPEG-2 to AVS-M Transcoder with Mode Decision Optimization for Mobile Video Communication}, 
  year={2006},
  month={Sep.},
  volume={},
  number={},
  pages={1-4},
  doi={10.1109/WiCOM.2006.320}
}

@ARTICLE{bib:liao_2008,
   author = {K.-Y. Liao and J.-F. Yang and Y.-K. Tu},
   ISSN = {1751-9675},
   title = {Joint transform-domain-translated algorithm for MPEG-2 to H.264 downscaling intraframe transcoding},
   journal = {IET Signal Processing},
   issue = {2},   
   volume = {2},
   year = {2008},
   month = {Jun.},
   pages = {125-132(7)},
   publisher ={Institution of Engineering and Technology},
   note = {doi: 10.1049/iet-spr:20070202}
}

@INPROCEEDINGS{bib:liu_2008,
  author={Li Liu and Xinhua Zhuang},
  booktitle={2008 International Conference on Audio, Language and Image Processing}, 
  title={Fast error resilient H.263 to H.264 video transcoding using RD optimized intra fresh}, 
  year={2008},
  month={Jul.},
  volume={},
  number={},
  pages={370-374},
  note = {doi: 10.1109/ICALIP.2008.4590220}
}

@INPROCEEDINGS{bib:yao_2009,
  author={Y. Yao and L. Luo and L. Zhao},
  booktitle={2009 International Conference on Wireless Communications   Signal Processing}, 
  title={Inter-mode prediction selection algorithm for MPEG-2 to AVS transcoder}, 
  year={2009},
  month={Nov},
  volume={},
  number={},
  pages={1-4},
  note = {doi: 10.1109/WCSP.2009.5371717}
}

@INPROCEEDINGS{bib:zhang_2012,
  author={D. Zhang and B. Li and J. Xu and H. Li},
  booktitle={2012 IEEE International Conference on Multimedia and Expo}, 
  title={Fast Transcoding from H.264 AVC to High Efficiency Video Coding}, 
  year={2012},
  month={Jul.},
  volume={},
  number={},
  pages={651-656},
  note = {doi: 10.1109/ICME.2012.112}
}

@INPROCEEDINGS{bib:peixoto_2012,
  author={E. Peixoto and E. Izquierdo},
  booktitle={2012 19th IEEE International Conference on Image Processing}, 
  title={A complexity-scalable transcoder from H.264/AVC to the new HEVC codec},
  year={2012},
  month={Oct.},
  volume={},
  number={},
  pages={737-740},
  note = {doi: 10.1109/ICIP.2012.6466965}
}
  
@INPROCEEDINGS{bib:jiang_2013,
  author={W. Jiang and Y.W. Chen},
  booktitle={Image and vision processing and display technology},
  title={Low‐complexity transcoding from H.264 to HEVC based on motion vector clustering}, 
  year={2013},
  month={Sep.},
  pages={1224-1226},
  note = {doi: 10.1049/el.2013.0329}
}

@INPROCEEDINGS{bib:tang_2015,
  author={M. Tang and J. Wen},
  booktitle={2015 IEEE International Symposium on Circuits and Systems (ISCAS)}, 
  title={An efficient HEVC to H.264/AVC transcoding system}, 
  year={2015},
  month={May},
  volume={},
  number={},
  pages={2748-2751},
  note = {doi: 10.1109/ISCAS.2015.7169255}
}

@INPROCEEDINGS{bib:nagaraghatta_2015,
  author={A. Nagaraghatta and Y. Zhao and G. Maxwell and S. Kannangara},
  booktitle={2015 IEEE 5th International Conference on Consumer Electronics - Berlin (ICCE-Berlin)}, 
  title={Fast H.264/AVC to HEVC transcoding using mode merging and mode mapping}, 
  year={2015},
  month={Sep.},
  volume={},
  number={},
  pages={165-169},
  note = {doi: 10.1109/ICCE-Berlin.2015.7391223}
}

@INPROCEEDINGS{bib:franche_2015,
  author={J. Franche and S. Coulombe},
  booktitle={2015 IEEE International Conference on Image Processing (ICIP)}, 
  title={Fast H.264 to HEVC transcoder based on post-order traversal of quadtree structure}, 
  year={2015},
  month={Sep.},
  volume={},
  number={},
  pages={477-481},
  note = {doi: 10.1109/ICIP.2015.7350844}
}

@INPROCEEDINGS{bib:torre_2015,
  author={E. de la Torre and R. Rodr\'iguez-S\'anchez and J. L. Mart\'inez},
  booktitle={2015 Visual Communications and Image Processing (VCIP)}, 
  title={HEVC to VP9 transcoder}, 
  year={2015},
  month={Dec.},
  volume={},
  number={},
  pages={1-4},
  note = {doi: 10.1109/VCIP.2015.7457896}
}

@ARTICLE{bib:franche_2017,
  author={J. Franche and S. Coulombe},
  journal={IEEE Transactions on Circuits and Systems for Video Technology}, 
  title={Efficient H.264-to-HEVC Transcoding Based on Motion Propagation and Post-Order Traversal of Coding Tree Units}, 
  year={2018},
  month={Sep.},
  volume={28},
  number={12},
  pages={3452-3466},
  note = {doi: 10.1109/TCSVT.2017.2754491}
}

@INPROCEEDINGS{bib:wegner_2018,
  author={K. Wegner and T. Grajek and J. Stankowski and M. Domanski},
  booktitle={2018 25th International Conference on Systems, Signals and Image Processing (IWSSIP)}, 
  title={Video Transrating in AVC to HEVC Transcoding}, 
  year={2018},
  month={Jun.},
  volume={},
  number={},
  pages={1-5},
  note = {doi: 10.1109/IWSSIP.2018.8439429}
}

@INPROCEEDINGS{bib:yang_2019,
  author={J. Yang and L. Qing and X. He and L. Hua and S. Rong},
  booktitle={2019 IEEE 3rd Information Technology, Networking, Electronic and Automation Control Conference (ITNEC)}, 
  title={A Fast DVC to HEVC Transcoding for Mobile Video Communication}, 
  year={2019},
  month={Mar.},
  volume={},
  number={},
  pages={505-509},
  note = {doi: 10.1109/ITNEC.2019.8728994}
}

@INPROCEEDINGS{bib:papadopoulos_2019,
  author={P. K. Papadopoulos and N. Panagou and M. Koziri and K. Kolomvatsos and T. Loukopoulos and I. Anagnostopoulos},
  booktitle={2019 14th International Workshop on Semantic and Social Media Adaptation and Personalization (SMAP)},
  title={Coding Time Prediction in H.264/HEVC Transcoding Using Macroblock Sizes}, 
  year={2019},
  month={Jun.},
  volume={},
  number={},
  pages={1-4},
  note = {doi: 10.1109/SMAP.2019.8864805}
}

@INPROCEEDINGS{bib:borges_2019,
  author={A. Borges and B. Zatt and M. Porto and G. Correa},
  booktitle={2019 IEEE International Conference on Image Processing (ICIP)}, 
  title={Fast HEVC-to-AV1 Transcoding Based On Coding Unit Depth Inheritance}, 
  year={2019},
  month={Sep.},
  volume={},
  number={},
  pages={3571-3575},
  note = {doi: 10.1109/ICIP.2019.8803482}
}

@inproceedings{bib:yu_2005,
    author = {Lu Yu and Feng Yi and Jie Dong and Cixun Zhang},
    title = {{Overview of AVS-video: tools, performance and complexity}},
    volume = {5960},
    booktitle = {Visual Communications and Image Processing 2005},
    editor = {Shipeng Li and Fernando Pereira and Heung-Yeung Shum and Andrew G. Tescher},
    organization = {International Society for Optics and Photonics},
    publisher = {SPIE},
    pages = {679 -- 690},
    year = {2005},
    note = {doi: 10.1117/12.632515}
}

@INPROCEEDINGS{bib:borges2_2019,
  author={A. Borges and B. Zatt and M. Porto and L. Agostini and G. Correa},
  booktitle={2019 27th European Signal Processing Conference (EUSIPCO)}, 
  title={Complexity Scalable HEVC-to-AV1 Transcoding Based on Coding Tree Depth Inheritance}, 
  year={2019},
  month={Sep.},
  pages={1-5},
  note = {doi: 10.23919/EUSIPCO.2019.8902565}
}

@INPROCEEDINGS{bib:borges_2021,
  author={A. Borges and D. Palomino and B. Zatt and M. Porto and G. Correa},
  booktitle={2020 28th European Signal Processing Conference (EUSIPCO)}, 
  title={Fast VP9-to-AV1 Transcoding based on Block Partitioning Inheritance}, 
  year={2021},
  month={Jan.},
  volume={},
  number={},
  pages={555-559},
  note = {doi: f10.23919/Eusipco47968.2020.9287453}
}

@article{bib:raschka_2018,
  author    = {Sebastian Raschka},
  title     = {Model Evaluation, Model Selection, and Algorithm Selection in Machine Learning},
  journal   = {CoRR},
  volume    = {abs/1811.12808},
  year      = {2018},
  url       = {http://arxiv.org/abs/1811.12808},
  archivePrefix = {arXiv},
  eprint    = {1811.12808},
}

@Article{bib:borges2_2021,
    author={Borges, Alex and Zatt, Bruno and Porto, Marcelo and Correa, Guilherme},
    title={Complexity-scalable HEVC-to-AV1 video transcoding based on partition inheritance},
    journal={Journal of Real-Time Image Processing},
    year={2021},
    month={Apr.},
    day={02},
    issn={1861-8219},
    note = {doi: 10.1007/s11554-021-01101-2}
}

@ARTICLE{bib:correa_2021,
  author={Corrêa, Marcel and Saldanha, Mário and Borges, Alex and Corrêa, Guilherme and Palomino, Daniel and Porto, Marcelo and Zatt, Bruno and Agostini, Luciano},
  journal={IEEE Open Journal of Circuits and Systems}, 
  title={AV1 and VVC Video Codecs: Overview on Complexity Reduction and Hardware Design}, 
  year={2021},
  volume={2},
  number={},
  pages={564-576},
  note={doi: 10.1109/OJCAS.2021.3107254}
}

@INPROCEEDINGS{bib:avs3,  
    author={J. {Zhang} and C. {Jia} and M. {Lei} and S. {Wang} and S. {Ma} and W. {Gao}},  
    booktitle={2019 Picture Coding Symposium (PCS)},   
    title={Recent Development of AVS Video Coding Standard: AVS3},   
    year={2019},  
    volume={},  
    number={},  
    pages={1-5},  
    note={doi: 10.1109/PCS48520.2019.8954503}
}

@ARTICLE{bib:evc,  
    author={K. {Choi} and J. {Chen} and D. {Rusanovskyy} and K. {Choi} and E. S. {Jang}},  
    journal={IEEE Signal Processing Magazine},   
    title={An Overview of the MPEG-5 Essential Video Coding Standard [Standards in a Nutshell]},   
    year={2020},  
    volume={37},  
    number={3},  
    pages={160-167},  
    note={doi: 10.1109/MSP.2020.2971765}
}

@inproceedings{bib:fernandez_2006,
    author = {Fern\'andez, Gerardo and Cuenca, Pedro and Barbosa, Luis Orozco and Kalva, Hari},
    title = {Very Low Complexity MPEG-2 to H.264 Transcoding Using Machine Learning},
    year = {2006},
    month={Oct.},
    isbn = {1595934472},
    publisher = {Association for Computing Machinery},
    address = {New York, NY, USA},
    note = {doi: 10.1145/1180639.1180844},
    booktitle = {Proceedings of the 14th ACM International Conference on Multimedia},
    pages = {931–940},
    numpages = {10},
    location = {Santa Barbara, CA, USA},
    series = {MM '06}
}


@ARTICLE{bib:escribano_2008,
  author={G. Fernandez-Escribano and J. Bialkowski and J. A. Gamez and H. Kalva and P. Cuenca and L. Orozco-Barbosa and A. Kaup},
  journal={IEEE Transactions on Multimedia}, 
  title={Low-Complexity Heterogeneous Video Transcoding Using Data Mining}, 
  year={2008},
  month={Jan.},
  volume={10},
  number={2},
  pages={286-299},
  note = {doi: 10.1109/TMM.2007.911838}
}

@ARTICLE{bib:escribano2_2008,
  author={G. Fernandez-Escribano and H. Kalva and P. Cuenca and L. Orozco-Barbosa and A. Garrido},
  journal={IEEE Transactions on Circuits and Systems for Video Technology}, 
  title={A Fast MB Mode Decision Algorithm for MPEG-2 to H.264 P-Frame Transcoding}, 
  year={2008},
  month={Mar.},
  volume={18},
  number={2},
  pages={172-185},
  note = {doi: 10.1109/TCSVT.2008.918115}
}

@inproceedings{bib:escribano3_2008,
author = {Escribano, Gerardo Fernandez and Jillani, Rashid and Holder, Christopher and Kalva, Hari and Martinez, Jose Luis Martinez and Cuenca, Pedro},
	title = {Video Encoding and Transcoding Using Machine Learning},
	year = {2008},
	isbn = {9781605582610},
	publisher = {Association for Computing Machinery},
	address = {New York, NY, USA},
	notes = {doi: 10.1145/1509212.1509219},
	booktitle = {Proceedings of the 9th International Workshop on Multimedia Data Mining: Held in Conjunction with the ACM SIGKDD 2008},
	pages = {53–62},
	numpages = {10},
	location = {Las Vegas, Nevada},
	series = {MDM '08}
}

@INPROCEEDINGS{bib:wang2_2007,  
    author={J. {Wang} and E. {Yang} and X. {Yu}},  
    booktitle={2007 IEEE International Conference on Multimedia and Expo},   
    title={An Efficient Motion Estimation Method for H.264-Based Video Transcoding with Spatial Resolution Conversion},   
    year={2007},  
    volume={},  
    number={},  
    pages={444-447},  
    note={doi: 10.1109/ICME.2007.4284682}
}

@inproceedings{bib:fernandez2_2006,
    author = {Fern\'{a}ndez, Gerardo and Cuenca, Pedro and Barbosa, Luis Orozco and Kalva, Hari},
    title = {Very Low Complexity MPEG-2 to H.264 Transcoding Using Machine Learning},
    year = {2006},
    isbn = {1595934472},
    publisher = {Association for Computing Machinery},
    address = {New York, NY, USA},
    note = {doi: 10.1145/1180639.1180844},
    booktitle = {Proceedings of the 14th ACM International Conference on Multimedia},
    pages = {931–940},
    numpages = {10},
    location = {Santa Barbara, CA, USA},
    series = {MM '06}
}

@INPROCEEDINGS{bib:holder_2009,
  author={C. Holder and  Tao Pin and H. Kalva},
  booktitle={2009 Digest of Technical Papers International Conference on Consumer Electronics}, 
  title={Improved machine learning techniques for low complexity MPEG-2 to H.264 transcoding using optimized codecs}, 
  year={2009},
  month={Jan.},
  volume={},
  number={},
  pages={1-2},
  note = {doi: 10.1109/ICCE.2009.5012345}
}

@ARTICLE{bib:peixoto_2014,
  author={E. Peixoto and T. Shanableh and E. Izquierdo},
  journal={IEEE Transactions on Circuits and Systems for Video Technology}, 
  title={H.264/AVC to HEVC Video Transcoder Based on Dynamic Thresholding and Content Modeling}, 
  year={2014},
  month={Jan.},
  volume={24},
  number={1},
  pages={99-112},
  note = {doi: 10.1109/TCSVT.2013.2273651}
}

@book{bib:gauss,
    title={Estat{\'\i}stica b{\'a}sica},
    author={Bussab, Wilton de O and Morettin, Pedro A},
    booktitle={Estat{\'\i}stica b{\'a}sica},
    pages={xvi--540},
    year={2010},
    publisher={Saraiva Uni},
    note={ISBN: 8-54722-022-4}
}

@INPROCEEDINGS{bib:peixoto2_2014,
  author={E. Peixoto and B. Macchiavello and R. L. de Queiroz and E. M. Hung},
  booktitle={2014 International Telecommunications Symposium (ITS)}, 
  title={Fast H.264/AVC to HEVC transcoding based on machine learning}, 
  year={2014},
  month={Aug.},
  volume={},
  number={},
  pages={1-4},
  note = {doi: 10.1109/ITS.2014.6947999}
}

@INPROCEEDINGS{bib:honrubia_2014,
  author={A. J. D\'iaz-Honrubia and J. L. Mart\'inez and J. M. Puerta and J. A. G\'amez and J. de Cock and P. Cuenca},
  booktitle={2014 IEEE International Conference on Image Processing (ICIP)}, 
  title={Fast quadtree level decision algorithm for H.264/HEVC transcoder}, 
  year={2014},
  month={Oct.},
  volume={},
  number={},
  pages={2497-2501},
  note = {doi: 10.1109/ICIP.2014.7025505}
}

@INPROCEEDINGS{bib:peixoto3_2014,
  author={E. Peixoto and B. Macchiavello and E. M. Hung and R. L. de Queiroz},
  booktitle={2014 IEEE International Conference on Image Processing (ICIP)}, 
  title={A fast HEVC transcoder based on content modeling and early termination}, 
  year={2014},
  month={Oct.},
  volume={},
  number={},
  pages={2532-2536},
  doi={10.1109/ICIP.2014.7025512}
}

@INPROCEEDINGS{bib:honrubia_2015,
  author={A. J. D\'iaz-Honrubia and J. L. Mart\'inez and P. Cuenca and J. A. G\'amez and J. M. Puerta},
  booktitle={2015 Data Compression Conference}, 
  title={A Data-Driven Probabilistic CTU Splitting Algorithm for Fast H.264/HEVC Video Transcoding}, 
  year={2015},
  month={Apr.},
  volume={},
  number={},
  pages={449-449},
  note = {doi: 10.1109/DCC.2015.46}
}

@INPROCEEDINGS{bib:huangyuan_2015,
  author={Q. Huangyuan and L. Song and Y. Ma and R. Xie and Z. Luo},
  booktitle={2015 Asia-Pacific Signal and Information Processing Association Annual Summit and Conference (APSIPA)}, 
  title={Learning based fast H.264 to H.265 transcoding}, 
  year={2015},
  month={Dec.},
  volume={},
  number={},
  pages={563-570},
  note = {doi: 10.1109/APSIPA.2015.7415333}
}

@INPROCEEDINGS{bib:correa_2016,
  author={G. Correa and L. Agostini and L. A. da Silva Cruz},
  booktitle={2016 IEEE International Symposium on Circuits and Systems (ISCAS)},
  title={Fast H.264/AVC to HEVC transcoder based on data mining and decision trees}, 
  year={2016},
  month={May},
  volume={},
  number={},
  pages={2539-2542},
  note = {doi: 10.1109/ISCAS.2016.7539110}
}

@ARTICLE{bib:wu_2012,
  author={Z. {Wu} and H. {Yu} and B. {Tang} and C. W. {Chen}},
  journal={IEEE Transactions on Broadcasting}, 
  title={Adaptive Initial Quantization Parameter Determination for H.264/AVC Video Transcoding}, 
  year={2012},
  volume={58},
  number={2},
  pages={277-284},
  note={doi: 10.1109/TBC.2011.2182430}
}

@INPROCEEDINGS{bib:chiou_2004,
  author={Hong-Jyh Chiou and Yuh-Ruey Lee and Chia-Wen Lin},
  booktitle={2004 IEEE International Symposium on Circuits and Systems (IEEE Cat. No.04CH37512)}, 
  title={Error-resilient transcoding using adaptive intra refresh for video streaming}, 
  year={2004},
  volume={3},
  number={},
  pages={III-777},
  note={doi: 10.1109/ISCAS.2004.1328862}
}

@INPROCEEDINGS{bib:honrubia_2016,
  author={A. J. D\'iaz-Honrubia and J. L. Mart\'inez and P. Cuenca and H. Kalva},
  booktitle={2016 Data Compression Conference (DCC)}, 
  title={A Fast Splitting Algorithm for an H.264/AVC to HEVC Intra Video Transcoder}, 
  year={2016},
  month={Apr.},
  volume={},
  number={},
  pages={588-588},
  note = {doi: 10.1109/DCC.2016.120}
}

@article{bib:naivebayesref,
  author    = {Sebastian Raschka},
  title     = {Naive Bayes and Text Classification {I} - Introduction and Theory},
  journal   = {CoRR},
  volume    = {abs/1410.5329},
  year      = {2014},
  url       = {http://arxiv.org/abs/1410.5329},
  archivePrefix = {arXiv},
  eprint    = {1410.5329}
}

@INPROCEEDINGS{bib:li_2017,
  author={X. Li and R. Xie and L. Song and L. Zhang},
  booktitle={2017 IEEE International Symposium on Broadband Multimedia Systems and Broadcasting (BMSB)}, 
  title={Machine learning based VP9-to-HEVC video transcoding},
  year={2017},
  month={Jun.},
  volume={},
  number={},
  pages={1-6},
  note = {doi: 10.1109/BMSB.2017.7986205}
}

@INPROCEEDINGS{bib:wei_2017,
  author={Y. Wei and Z. Wang and M. Xu and S. Qiao},
  booktitle={2017 IEEE Visual Communications and Image Processing (VCIP)}, 
  title={An LSTM method for predicting CU splitting in H.264 to HEVC transcoding}, 
  year={2017},
  month={Dec.},
  volume={},
  number={},
  pages={1-4},
  note = {doi: 10.1109/VCIP.2017.8305079}
}

@ARTICLE{bib:liu_2018,
  author={X. Liu and Y. Li and C. Dai and P. Li and L. T. Yang},
  journal={IEEE Internet of Things Journal}, 
  title={An Efficient H.264/AVC to HEVC Transcoder for Real-Time Video Communication in Internet of Vehicles}, 
  year={2018},
  month={May},
  volume={5},
  number={4},
  pages={3186-3197},
  note = {doi: 10.1109/JIOT.2018.2837034}
}

@ARTICLE{bib:xu_2019,
  author={J. Xu and M. Xu and Y. Wei and Z. Wang and Z. Guan},
  journal={IEEE Transactions on Multimedia}, 
  title={Fast H.264 to HEVC Transcoding: A Deep Learning Method}, 
  year={2019},
  month={Jul.},
  volume={21},
  number={7},
  pages={1633-1645},
  note = {doi: 10.1109/TMM.2018.2885921}
}

@inproceedings{bib:bubolz_2019,
    author = {Bubolz, Thiago and Zatt, Bruno and Correa, Guilherme and Grellert, Mateus},
    title = {Evaluation of Machine Learning Algorithms for Fast Video Transcoding in Streaming Services},
    year = {2019},
    publisher = {Association for Computing Machinery},
    address = {New York, NY, USA},
    note = {doi: 10.1145/3323503.3360633},
    booktitle = {Proceedings of the 25th Brazillian Symposium on Multimedia and the Web},
    pages = {181–184},
    numpages = {4},
    location = {Rio de Janeiro, Brazil},
    series = {WebMedia '19}
}

@inproceedings{bib:soares_2019,
    author = {Soares, Yan and Corrêa, Guilherme and Agostini, Luciano},
    title = {Fast Partitioning Decision Making for Prediction Units on H.264-to-HEVC Transcoding Using Machine Learning},
    year = {2019},
    month={Oct.},
    isbn = {9781450367639},
    publisher = {Association for Computing Machinery},
    address = {New York, NY, USA},
    note = {doi: 10.1145/3323503.3349553},
    booktitle = {Proceedings of the 25th Brazillian Symposium on Multimedia and the Web},
    pages = {161–168},
    numpages = {8},
    location = {Rio de Janeiro, Brazil},
    series = {WebMedia '19}
}

@INPROCEEDINGS{bib:siqueira_2020,
  author={I. {Siqueira} and G. {Correa} and M. {Grellert}},
  booktitle={2020 IEEE 11th Latin American Symposium on Circuits   Systems (LASCAS)}, 
  title={Rate-Distortion and Complexity Comparison of HEVC and VVC Video Encoders}, 
  year={2020},
  volume={},
  number={},
  pages={1-4},
  note={doi: 10.1109/LASCAS45839.2020.9069036}
}

@INPROCEEDINGS{bib:lee_2006,
  author={Y. {Lee} and S. {Lee} and Y. {Lee}},
  booktitle={2006 IEEE International Conference on Multimedia and Expo}, 
  title={MPEG-4 to H.264 Transcoding using Macroblock Statistics}, 
  year={2006},
  volume={},
  number={},
  pages={57-60},
  note={doi: 10.1109/ICME.2006.262549}
}

@INPROCEEDINGS{bib:kato_2006,
  author={H. {Kato} and Y. {Takishima} and Y. {Kaji}},
  booktitle={2006 International Conference on Image Processing}, 
  title={Fast Intra Mode Decision Method for MPEG to H.264 Transcoding}, 
  year={2006},
  volume={},
  number={},
  pages={833-836},
  note={doi: 10.1109/ICIP.2006.312531}
}

@INPROCEEDINGS{bib:pantoja_2007,
  author={M. {Pantoja} and H. {Kalva} and J. {Lee}},
  booktitle={2007 IEEE International Conference on Image Processing}, 
  title={P-Frame Transcoding in VC-1 to H.264 Transcoders}, 
  year={2007},
  volume={5},
  number={},
  pages={V - 297-V - 300},
  note={doi: 10.1109/ICIP.2007.4379824}
}

@INPROCEEDINGS{bib:tang_2008,
  author={Qiang Tang and Panos Nasiopoulos and Rabab Ward},
  booktitle={2008 IEEE International Conference on Acoustics, Speech and Signal Processing}, 
  title={Fast block size prediction for MPEG-2 to H.264/AVC transcoding}, 
  year={2008},
  volume={},
  number={},
  pages={1029-1032},
  note={doi: 10.1109/ICASSP.2008.4517788}
}

@INPROCEEDINGS{bib:lucas_2020,
  author={D. Garc\'ia-Lucas and G. Cebri\'an-M\'arquez and A. J. D\'iaz-Honrubia and T. Mallikarachchi and P. Cuenca},
  booktitle={2020 IEEE International Conference on Image Processing (ICIP)}, 
  title={Efficient HEVC-to-VVC Transcoder Based On A Bayesian Classifier For The First Quadtree Depth Level},
  year={2020},
  volume={},
  number={},
  pages={628-632},
  note = {doi: 10.1109/ICIP40778.2020.9190640}
}

@article{bib:bayesian_ref,
	author = { Robert E.   Kass  and  Duane   Steffey },
	title = {Approximate Bayesian Inference in Conditionally Independent Hierarchical Models (Parametric Empirical Bayes Models)},
	journal = {Journal of the American Statistical Association},
	volume = {84},
	number = {407},
	pages = {717-726},
	year  = {1989},
	publisher = {Taylor \& Francis},
	note = {doi: 10.1080/01621459.1989.10478825}
}

@ARTICLE{bib:modosTranscodificacao,
  author={I. {Ahmad} and  {Xiaohui Wei} and  {Yu Sun} and  {Ya-Qin Zhang}},
  journal={IEEE Transactions on Multimedia}, 
  title={Video transcoding: an overview of various techniques and research issues}, 
  year={2005},
  volume={7},
  number={5},
  pages={793-804},
  note={doi: 10.1109/TMM.2005.854472}
}

@INPROCEEDINGS{bib:leuven_2011,
  author={Van Leuven, Sebastiaan and De Cock, Jan and Van Wallendael, Glenn and Van de Walle, Rik and Garrido-Cantos, Rosario and Mart\'inez, Jos\'e Luis and Cuenca, Pedro},
  booktitle={2011 18th IEEE International Conference on Image Processing}, 
  title={Combining open — And closed-loop architectures for H.264/AVC-TO-SVC transcoding}, 
  year={2011},
  volume={},
  number={},
  pages={1661-1664},
  note = {doi: 10.1109/ICIP.2011.6115773}
}

@INPROCEEDINGS{bib:wang_2012,
  author={Wang, Bing and Fan, Xiaopeng and Liu, Shaohui and Liu, Yan and Zhao, Debin and Gao, Wen},
  booktitle={2012 Visual Communications and Image Processing}, 
  title={A fast multiview video transcoder for bitrate reduction}, 
  year={2012},
  volume={},
  number={},
  pages={1-5},
  note = {doi: 10.1109/VCIP.2012.6410847}
}

@INPROCEEDINGS{bib:jin_2011,
  author={Jin, Xiaocong and Sun, Jun and Zhou, Jun and Wang, Zhen},
  booktitle={2011 IEEE International Conference on Signal Processing, Communications and Computing (ICSPCC)}, 
  title={Fast video transcoding from AVS TO H.264/AVC with reduced resolution}, 
  year={2011},
  volume={},
  number={},
  pages={1-6},
  note = {doi: 10.1109/ICSPCC.2011.6061577}
}

@ARTICLE{bib:h264overview2,
  author={Wiegand, T. and Sullivan, G.J. and Bjontegaard, G. and Luthra, A.},
  journal={IEEE Transactions on Circuits and Systems for Video Technology}, 
  title={Overview of the H.264/AVC video coding standard}, 
  year={2003},
  volume={13},
  number={7},
  pages={560-576},
  note={doi: 10.1109/TCSVT.2003.815165}
}

@MastersThesis{bib:dissertacao_rodrigues_2008,
   author =       {Paola Daniella Fonseca Rodrigues},
   title =        {A TV Digital no Brasil: Do SBTVD ao ISDTV-T - A Pol\'itica a Reboque da Tecnologia},
   school =       {Programa de P\'os-Gradua\c{c}\~ao da Faculdade de Comunica\c{c}\~ao da Universidade de Bras\'ilia (UnB)},
   year =         {2008},
   type =         {Disserta\c{c}\~ao (Mestre em Comunica\c{c}\~ao)},
   pages =        {121},
   address =      {Brasilia}
}

@ARTICLE{bib:aminlou_2016,
  author={Aminlou, Alireza and Hashemi, Mahmoud Reza and Gabbouj, Moncef and Zeng, Bing and Fatemi, Omid},
  journal={IEEE Transactions on Circuits and Systems for Video Technology}, 
  title={New R-D Optimization Criterion for Fast Mode Decision Algorithms in Video Coding and Transrating}, 
  year={2016},
  volume={26},
  number={4},
  pages={696-710},
  note = {doi: 10.1109/TCSVT.2015.2412811}
}

@ARTICLE{bib:lin_2013,
  author={Lin, Chia-Wen and Tsai, Chia-Ming and Chen, Po-Chun},
  journal={IEEE Journal of Selected Topics in Signal Processing}, 
  title={Low-Overhead Content-Adaptive Spatial Scalability for Scalable Video Coding}, 
  year={2013},
  volume={7},
  number={6},
  pages={1084-1095},
  note = {doi: 10.1109/JSTSP.2013.2273659}
}

@INPROCEEDINGS{bib:lin_2016,
  author={Lin, Zhenan and Zhang, Qi and Chen, Keji and Sun, Jun and Guo, Zongming},
  booktitle={2016 Visual Communications and Image Processing (VCIP)}, 
  title={Efficient arbitrary ratio downscale transcoding for HEVC}, 
  year={2016},
  volume={},
  number={},
  pages={1-4},
  note = {doi: 10.1109/VCIP.2016.7805465}
}

@INPROCEEDINGS{bib:nguyen_2015,
  author={Nguyen, Viet Anh and Do, Minh N.},
  booktitle={2015 IEEE International Symposium on Circuits and Systems (ISCAS)}, 
  title={Efficient coding unit size selection for HEVC downsizing transcoding}, 
  year={2015},
  volume={},
  number={},
  pages={1286-1289},
  note = {doi: 10.1109/ISCAS.2015.7168876}
}

@INPROCEEDINGS{bib:feng_2018,
  author={Feng, Xiujun and Liu, Pengyu},
  booktitle={2018 IEEE 3rd International Conference on Image, Vision and Computing (ICIVC)}, 
  title={Imbalanced Splitting Depth Level for 3D-HEVC Transcoding}, 
  year={2018},
  volume={},
  number={},
  pages={509-513},
  note = {doi: 10.1109/ICIVC.2018.8492788}
}

@INPROCEEDINGS{bib:sung_2014,
  author={Sung, Minyong and Kim, Minwoo and Kim, Minsik and Ro, Won Woo},
  booktitle={The 18th IEEE International Symposium on Consumer Electronics (ISCE 2014)}, 
  title={Accelerating HEVC transcoder by exploiting decoded quadtree}, 
  year={2014},
  volume={},
  number={},
  pages={1-2},
  note = {doi: 10.1109/ISCE.2014.6884329}
}

@ARTICLE{bib:bubolz2_2019,
  author={Bubolz, Thiago Luiz Alves and Concei\c{c}\~ao, Ruhan A. and Grellert, Mateus and Agostini, Luciano and Zatt, Bruno and Correa, Guilherme},
  journal={IEEE Transactions on Circuits and Systems I: Regular Papers}, 
  title={Quality and Energy-Aware HEVC Transrating Based on Machine Learning}, 
  year={2019},
  volume={66},
  number={6},
  pages={2124-2136},
  note = {doi: 10.1109/TCSI.2019.2903978}
}

@article{bib:zrida_2011,
  title={Complexity/performance analysis of a h. 264/avc video encoder},
  author={Zrida, Hajer Krichene and Ammari, Ahmed Chiheb and Abid, Mohamed and Jemai, Abderrazek},
  journal={Recent Advances on Video Coding},
  pages={27},
  year={2011},
  publisher={BoD--Books on Demand}
}

@INPROCEEDINGS{bib:grellert_2018,
  author={Grellert, Mateus and Oliveira, Tiago and Duarte, Carlos Rafael and da Silva Cruz, Luis A.},
  booktitle={2018 IEEE Visual Communications and Image Processing (VCIP)}, 
  title={Fast HEVC Transrating using Random Forests}, 
  year={2018},
  volume={},
  number={},
  pages={1-4},
  note = {doi: 10.1109/VCIP.2018.8698675}
}

@book{bib:quinlan_2014,
  title={C4.5: Programs for Machine Learning},
  author={Quinlan, J Ross},
  year={2014},
  publisher={Elsevier},
  note={ISBN: 1-55860-238-0}
}

@article{bib:breiman_2001,
    author={Breiman, Leo},
    title={Random Forests},
    journal={Machine Learning},
    year={2001},
    month={Oct},
    day={01},
    volume={45},
    number={1},
    pages={5-32},
    note={doi: 10.1023/A:1010933404324}
}

@misc{bib:borges_survey,
    author = {Alex Borges and Bruno Zatt and Marcelo Porto and Guilherme Correa},
    title = {A Systematic Literature Review on Video Transcoding Acceleration: Challenges, Solutions, and Trends},
    year = {2023},
    publisher = {Multimedia Tools and Applications},
    note={(SOB REVISÃO)}
}

@misc{bib:camargo_2022,
  author={Caroline Souza Camargo and Alex Borges and Guilherme Correa},
  title = {Identifying Energy-Saving Opportunities for AV1 Video Coding in Streaming Services},
  publisher = {2022 Microelectronics Students Forum (SForum)}, 
  year={2022},
  url={https://sbmicro.org.br/sforum-eventos/sforum2022/Identifying\%20Energy-Saving\%20Opportunities\%20for\%20AV1\%20Video\%20Coding\%20in\%20Streaming \%20Services.pdf},
  urldate = {2023-01-12}
}

@misc{bib:quinlan_2020,
    author = {Quinlan, J Ross},
    title = {Data Mining Tools See5 and C5.0},
    month = {oct},
    year = {2020},
    publisher = {RuleQuest},
    url={https://www.rulequest.com/see5-info.html},
    urldate = {2021-07-29}
}

@Article{bib:shumway_1974,
    author={Shumway, R. H. and Unger, A. N.},
    title={Linear Discriminant Functions for Stationary Time Series},
    journal={Journal of the American Statistical Association},
    year={1974},
    month={Dec.},
    publisher={[American Statistical Association, Taylor {\&} Francis, Ltd.]},
    volume={69},
    number={348},
    pages={948-956},
    note={doi: 10.2307/2286169}
}

@InProceedings{bib:lewis_1998,
    author= {Lewis, David D.},
    editor= {N{\'e}dellec, Claire and Rouveirol, C{\'e}line},
    title= {Naive (Bayes) at forty: The independence assumption in information retrieval},
    booktitle={Machine Learning: ECML-98},
    year={1998},
    publisher={Springer Berlin Heidelberg},
    address={Berlin, Heidelberg},
    pages={4--15},
    note={isbn: 978-3-540-69781-7}
}

@ARTICLE{bib:hearst_1998,
  author={Hearst, M.A. and Dumais, S.T. and Osuna, E. and Platt, J. and Scholkopf, B.},
  journal={IEEE Intelligent Systems and their Applications}, 
  title={Support vector machines}, 
  year={1998},
  volume={13},
  number={4},
  pages={18-28},
  note={doi: 10.1109/5254.708428}
}

@misc{bib:koushik_2016,
      title={Understanding Convolutional Neural Networks}, 
      author={Jayanth Koushik},
      year={2016},
      url = {arXiv: 1605.09081},
      urldate = {2021-07-29}
}

@misc{bib:bitmovin_twitter,
      title={That said, we see 1920x1080 as the most common resolution watched by viewers}, 
      author={Bitmovin},
      day={30},
      month={Set.},
      year={2022},
      url = {https://twitter.com/bitmovin/status/1575839031552016384},
      urldate = {2022-07-30},
      note={Twitter: $@$bitmovin}
}

@book{bib:graves_2012,
    author={Graves, Alex},
    title={Long Short-Term Memory},
    bookTitle={Supervised Sequence Labelling with Recurrent Neural Networks},
    year={2012},
    publisher={Springer Berlin Heidelberg},
    address={Berlin, Heidelberg},
    pages={37--45},
    note = {doi: 10.1007/978-3-642-24797-2\_4}
}

@article{bib:weka,
  title={Data mining: practical machine learning tools and techniques with Java implementations},
  author={Witten, Ian H and Frank, Eibe},
  journal={Acm Sigmod Record},
  volume={31},
  number={1},
  pages={76--77},
  year={2002},
  publisher={ACM New York, NY, USA}
}

@article{bib:enpos_2020,
  title={Análise do Particionamento de Superblocos do Formato de Vídeo AV1},
  author={Alex Borges and Isis Bender and Bruno Zatt and Marcelo Porto and Guilherme Correa},
  journal={Encontro de Pós-Graduação (ENPOS)},
  volume={XXII},
  year={2020},
  publisher={Universidade Federal de Pelotas},
  note={Disponível em https://cti.ufpel.edu.br/siepe/arquivos/2020/CE\_01178.pdf}
}

@article{bib:enpos_2021,
  title={Análise de Complexidade Escalável para a Transcodificação de Vídeo de HEVC para AV1},
  author={Alex Borges and Bruno Zatt and Marcelo Porto and Guilherme Correa},
  journal={Encontro de Pós-Graduação (ENPOS)},
  volume={XXIII},
  year={2021},
  publisher={Universidade Federal de Pelotas},
  note={Disponível em https://cti.ufpel.edu.br/siepe/arquivos/2021/CE\_01141.pdf}
}

@article{bib:enpos_2022,
  title={Transcodificação de Vídeo Acelerada de VP9 para AV1 Usando Árvore de Decisão e Estruturas de Particionamento},
  author={Alex Borges and Bruno Zatt and Marcelo Porto and Guilherme Correa},
  journal={Encontro de Pós-Graduação (ENPOS)},
  volume={XXIV},
  year={2021},
  publisher={Universidade Federal de Pelotas},
  note={Disponível em https://cti.ufpel.edu.br/siepe/arquivos/2022/CE\_03781.pdf}
}

@misc{bib:dpvsa_2020,
      title={Complexity-Scalable HEVC-to-AV1 Video Transcoding Based on Partition Inheritance},
      organization = {IEEE SPS/CASS Seasonal School on Digital Processing of Visual Signals and Applications (DPVSA)},
      number       = {4th},
      author={Alex Borges and Bruno Zatt and Marcelo Porto and Guilherme Correa},
      year={2020},
      url = {https://www.youtube.com/watch?v=rj03irQzp1Q},
      urldate = {2023-01-13}
}

@misc{bib:dpvsa_2021,
      title={Fast VP9-to-AV1 Transcoding Based on Block Partitioning Inheritance},
      organization = {IEEE SPS/CASS Seasonal School on Digital Processing of Visual Signals and Applications (DPVSA)},
      number       = {5th},
      author={Alex Borges and Bruno Zatt and Marcelo Porto and Guilherme Correa},
      year={2021},
      url = {https://www.youtube.com/watch?v=X0U0GKK2jMw},
      urldate = {2023-01-13}
}

@misc{bib:dpvsa_2022,
      title={Decision Trees for Accelerating H.264/AVC-to-AV1 Video Transcoding},
      organization = {IEEE SPS/CASS Seasonal School on Digital Processing of Visual Signals and Applications (DPVSA)},
      number       = {6th},
      author={Alex Borges and Bruno Zatt and Marcelo Porto and Guilherme Correa},
      year={2022},
      url = {https://www.youtube.com/watch?v=0ddz8nqbeKI},
      urldate = {2023-01-13}
}

@misc{bib:dpvsa_2022_carol,
      title={Energy-Saving Opportunities for AV1 Video Coding in Streaming Services},
      organization = {IEEE SPS/CASS Seasonal School on Digital Processing of Visual Signals and Applications (DPVSA)},
      number       = {6th},
      author={Caroline Souza Camargo and Alex Borges and Guilherme Correa},
      year={2022},
      url = {https://www.youtube.com/watch?v=rhniIxLUaFo},
      urldate = {2023-01-13}
}

@misc{bib:scikitlearn-site,
      title={scikit-learn: Machine Learning in Python}, 
      author = {{scikit-learn}},
      year={2021},
      url = {https://scikit-learn.org/stable/},
      urldate = {2021-07-30}
}

@article{bib:scikit-learn,
  author  = {Fabian Pedregosa and Ga{{\"e}}l Varoquaux and Alexandre Gramfort and Vincent Michel and Bertrand Thirion and Olivier Grisel and Mathieu Blondel and Peter Prettenhofer and Ron Weiss and Vincent Dubourg and Jake Vanderplas and Alexandre Passos and David Cournapeau and Matthieu Brucher and Matthieu Perrot and {{\'E}}douard Duchesnay},
  title   = {Scikit-learn: Machine Learning in Python},
  journal = {Journal of Machine Learning Research},
  year    = {2011},
  volume  = {12},
  number  = {85},
  pages   = {2825--2830},
  url     = {http://jmlr.org/papers/v12/pedregosa11a.html}
}

@misc{bib:scikitlearn_cart,
      title={sklearn.tree.DecisionTreeClassifier}, 
      author = {{scikit-learn}},
      year={2021},
      url = {https://scikit-learn.org/stable/modules/generated/sklearn.tree.DecisionTreeClassifier.h tml\#sklearn.tree.DecisionTreeClassifier/},
      urldate = {2021-07-30}
}

@misc{bib:scikitlearn_f1,
      title={sklearn.metrics.f1\_score}, 
      author = {{scikit-learn}},
      year={2022},
      url = {https://scikit-learn.org/stable/modules/generated/sklearn.metrics.f1 \_score.html\#sklearn.metrics.f1\_score/},
      urldate = {2022-12-30}
}

@misc{bib:scikitlearn_auc,
      title={sklearn.metrics.roc\_auc\_score}, 
      author = {{scikit-learn}},
      year={2022},
      url = {https://scikit-learn.org/stable/modules/generated/sklearn. metrics.roc\_auc\_score.html\#sklearn.metrics.roc\_auc\_score/},
      urldate = {2022-12-30}
}

@misc{bib:halvingsearch,
      title={sklearn.model\_selection.HalvingRandomSe archCV}, 
      author = {{scikit-learn}},
      year={2022},
      url = {https://scikit-learn.org/stable/modules/generated/sklearn.model\_selection.HalvingRan domSearchCV.html},
      urldate = {2022-09-30}
}



@book{bib:livroCART,
  title={Classification and Regression Trees:
The Wadsworth and Brooks-Cole statistics and probability
series},
  author={Leo Breiman and Jerome H. Friedman and Richard A. Olshen and Charles J. Stone},
  month={Jan.},
  year={1984},
  pages={358},
  publisher={Taylor \& Francis},
  note={ISBN: 978-0-41204-841-8}
}

@misc{bib:scikitlearn_nb,
      title={sklearn.naive\_bayes.CategoricalNB}, 
      author = {{scikit-learn}},
      year={2021},
      url = {https://scikit-learn.org/stable/modules/generated/sklearn.naive\_bayes.CategoricalNB.html\#sklearn.naive\_bayes.CategoricalNB/},
      urldate = {2021-07-30}
}

@misc{bib:scikitlearn_ldf,
      title={sklearn.discriminant\_analysis.LinearDiscriminantAnalysis}, 
      author = {{scikit-learn}},
      year={2021},
      url = {https://scikit-learn.org/stable/modules/generated/sklearn.discriminant\_analysis.LinearDiscriminantAnalysis.html/},
      urldate = {2021-07-30}
}

@misc{bib:scikitlearn_covariance,
      title={sklearn.covariance: Covariance Estimators}, 
      author = {{scikit-learn}},
      year={2021},
      url = {https://scikit-learn.org/stable/modules/classes.html\#module-sklearn.covariance/},
      urldate = {2021-07-30}
}

@misc{bib:derf_videos,
      title={Xiph.org Video Test Media [derf's collection]}, 
      author = {{Xiph.org}},
      year={2021},
      url = {https://media.xiph.org/video/derf/objective-2-slow.tar.gz},
      urldate = {2021-07-30}
}

@misc{bib:HM-HEVC,
	title   = {HEVC Test Model (HM)},
	url     = {https://hevc.hhi.fraunhofer.de/svn/svn\_HEVCSoftware},
	urldate = {2021-07-30},
	author  = {Jens-Rainer Ohm and Gary J. Sullivan},
    month   = {Oct},
	year    = {2014}
}

@misc{bib:gprof,
	title   = {gprof(1) - Linux man page},
	url     = {https://linux.die.net/man/1/gprof},
	urldate = {2021-07-31},
	author  = {{Free Software Foundation, Inc}},
	year    = {2009}
}

@misc{bib:weisstein_2021,
	title   = {Convolution”, From MathWorld - - A Worldfram Web Resouce},
	url     = {https://mathworld.wolfram.com/Convolution.html},
	urldate = {2021-07-31},
	author  = {Eric W. Weisstein},
	year    = {2021}
}

@misc{bib:jm_software,
	title   = {H.264/AVC Software},
	url     = {http://iphome.hhi.de/suehring/tml/download/},
	urldate = {2021-07-31},
	author  = {Karsten. Suehring},
	year    = {2015}
}

@misc{bib:vtm_software,
	title   = {VTM reference software for VVC},
	url     = {https://vcgit.hhi.fraunhofer.de/jvet/VVCSoftware\_VTM},
	urldate = {2021-07-31},
	author  = {{Fraunhofer Institute for Telecommunications}},
	year    = {2021}
}

@article{bib:he_2021,
	title = {AutoML: A survey of the state-of-the-art},
	journal = {Knowledge-Based Systems},
	volume = {212},
	pages = {106622},
	year = {2021},
	issn = {0950-7051},
	note = {doi: 10.1016/j.knosys.2020.106622},
	author = {Xin He and Kaiyong Zhao and Xiaowen Chu},
}

@misc{bib:statista_2021,
	title = {Share of global internet users who have performed selected online activities in the past month via mobile as of 1st quarter 2019},
	url = {https://www.statista.com/statistics/783357/leading-mobile-first-activities/},
	urldate = {2021-09-03},
	author = {{Statista Research Department}},
	day = 18,
	month = {Aug.},
	year = {2021},
	publisher = {statista},
}

@misc{bib:cisco_2020,
	title = {Cisco Annual Internet Report (2018–2023) White Paper},
	url = {https://www.cisco.com/c/en/us/solutions/collateral/executive-perspectives/annual-internet-report/white-paper-c11-741490.html},
	urldate = {2020-08-12},
	author = {CISCO},
	day = 09,
	month = {Mar.},
	year = {2020}
}

@misc{bib:bitmovin_report_2021,
    title = {Bitmovin's 5th Annual Video Developer Report 2021},
    author = {Inc. Bitmovin},
    url = {https://go.bitmovin.com/video-developer-report-2021},
    urldate = {2022-01-14},
    year = {2021}, 
    publisher = {Bitmovin}
}

@misc{bib:bitmovin_report_2022,
    title = {Bitmovin's 6th Annual Video Developer Report 2022},
    author = {Inc. Bitmovin},
    url = {https://go.bitmovin.com/video-developer-report},
    urldate = {2022-12-14},
    year = {2022}, 
    publisher = {Bitmovin}
}

@book{bib:richardson_2002,
  title={Video codec design: developing image and video compression systems},
  author={Richardson, Iain E},
  year={2002},
  publisher={John Wiley \& Sons}
}

@misc{bib:netflix_pertitle,
    title = {Per-Title Encode Optimization},
    url = {https://netflixtechblog.com/per-title-encode-optimization-7e99442b62a2},
    urldate = {2021-01-14},
    author = {Netflix},
    day = {14},
    month = {Dec.}, 
    year = {2015}, 
    publisher = {Netflix Technology Blog}
}

@misc{bib:netflix_pipeline,
    title = {High Quality Video Encoding at Scale},
    url = {https://netflixtechblog.com/high-quality-video-encoding-at-scale-d159db052746},
    urldate = {2022-03-14},
    author = {Netflix},
    day = {9},
    month = {Dec.}, 
    year = {2015}, 
    publisher = {Netflix Technology Blog}
}

@misc{bib:dv_format,
    title = {DVCAM Format Overview},
    url = {https://web.archive.org/web/20110928040838/http://www.sony.ca/dvcam/pdfs/dvcam\%20format\%20overview.pdf},
    urldate = {2022-03-31},
    author = {{Sony CA}},
    day = {28},
    month = {Set.}, 
    year = {2011}, 
    publisher = {Internet Archive Wayback Machine}
}

@misc{bib:hdv_format,
    title = {HDV Format (ver. 1.0) Main Specifications},
    url = {https://web.archive.org/web/20080820082122fw\_/http://www.hdv-info.org/HDVSpecifications.pdf},
    urldate = {2022-03-31},
    author = {{HDV Info}},
    day = {20},
    month = {Aug.}, 
    year = {2008}, 
    publisher = {Internet Archive Wayback Machine}
}

@misc{bib:vp3,
    title = {On2 Introduces TrueMotion VP3.2},
    url = {https://web.archive.org/web/20071203062255/http://www.on2.com/index.php?id=486\&news\_id=401},
    urldate = {2022-03-31},
    author = {{On2 Technologies}},
    day = {16},
    month = {Aug.}, 
    year = {2000}, 
    publisher = {Internet Archive Wayback Machine}
}

@misc{bib:vp4,
    title = {On2 Posts Production Release of VP4 Codec},
    url = {https://web.archive.org/web/20071203060641/http://www.on2.com/index.php?id=486\&news\_id=372},
    urldate = {2022-03-31},
    author = {{On2 Technologies}},
    day = {20},
    month = {Jun.}, 
    year = {2001}, 
    publisher = {Internet Archive Wayback Machine}
}

@misc{bib:vp5,
    title = {On2 Technologies Releases Production Version Of VP5 \& TrueCast 7.2},
    url = {https://web.archive.org/web/20071204065821/http://www.on2.com/index.php?id=486\&news\_id=321},
    urldate = {2022-03-31},
    author = {{On2 Technologies}},
    day = {1},
    month = {May}, 
    year = {2002}, 
    publisher = {Internet Archive Wayback Machine}
}

@misc{bib:vp6,
    title = {On2 Releases Next-Generation VP6 Codec},
    url = {https://web.archive.org/web/20071130070043/http://www.on2.com/index.php?id=470\&news\_id=255},
    urldate = {2022-03-31},
    author = {{On2 Technologies}},
    day = {28},
    month = {Oct}, 
    year = {2003}, 
    publisher = {Internet Archive Wayback Machine}
}

@misc{bib:vp7,
    title = {On2 Technologies Launches TrueMotion VP7 Preview},
    url = {https://web.archive.org/web/20071129060815/http://www.on2.com/index.php?id=470\&news\_id=214},
    urldate = {2022-03-31},
    author = {{On2 Technologies}},
    day = {10},
    month = {Jan.}, 
    year = {2005}, 
    publisher = {Internet Archive Wayback Machine}
}

@ARTICLE{bib:vc-1,
    author={Regunathan, Shankar L. and Rohaly, Ann Marie and Crinon, Regis and Griffis, Patrick},
    journal={SMPTE Motion Imaging Journal}, 
    title={Quality and Compression: The Proposed SMPTE Video Compression Standard VC-1}, 
    year={2005},
    volume={114},
    number={5-6},
    pages={194-201},
    note={doi: 10.5594/J12290}
}

@ARTICLE{bib:vc-2,
    author={SMPTE},
    journal={ST 2042-1:2017}, 
    title={ST 2042-1:2017 - SMPTE Standard - VC-2 Video Compression}, 
    year={2017},
    volume={},
    number={},
    pages={1-127},
    note={doi: 10.5594/SMPTE.ST2042-1.2017}
}

@article{bib:AVS,
    author  = {Zhang Tao and Zhang Caixia and Zhao Xin}, 
    title   = {Review of AVS Audio Coding Standard},
    journal = {ZTE Communications},
    year    = 2016,
    pages   = {322-325},
    volume  = {14},
    number  = {2},
    month   = "Apr",
    note    = {DOI: 10.3969/j.issn.1673-5188.2016.02.007}
}

@misc{bib:theora,
	title = {Ogg Theora a Free Video Codec and Multimedia Platform},
	url = {https://pdfs.semanticscholar.org/b423/71da02296a59d069e18b0ad87fdc2325f 728.pdf},
	urldate = {2018-11-20},
	author = {Ralph Giles},
	year = {2004}
}

@misc{bib:avs_plus,
	title = {GB/T 20090.16-2016: Information technology - Advanced coding of audio and video - Part 16. Broadcasting video},
	url = {https://www.chinesestandard.net/PDF/English.aspx/GBT20090.16-2016},
	urldate = {2022-03-31},
	author = {{National Standards of People's Republic of China}},
	year = {2016}
}


@misc{bib:cinepak,
    title = {Cinepak},
    url = {https://www.loc.gov/preservation/digital/formats/fdd/fdd000064.shtml},
    urldate = {2022-06-13},
    author = {Peter Barrett},
    day = {20},
    month = {May}, 
    year = {2004}, 
    publisher = {Sustainability of Digital Formats: Planning for Library of Congress Collections}
}

@misc{bib:sorenson,
    title = {Sorenson Video Codec},
    url = {https://www.loc.gov/preservation/digital/formats/fdd/fdd000088.shtml},
    urldate = {2022-06-13},
    author = {{Sorenson Media}},
    day = {14},
    month = {Mar.}, 
    year = {2011}, 
    publisher = {Sustainability of Digital Formats: Planning for Library of Congress Collections}
}

@misc{bib:sorenson3,
    title = {Sorenson Video Codec 3},
    url = {https://www.loc.gov/preservation/digital/formats/fdd/fdd000066.shtml},
    urldate = {2022-06-13},
    author = {{Sorenson Media}},
    day = {08},
    month = {dec}, 
    year = {2011}, 
    publisher = {Sustainability of Digital Formats: Planning for Library of Congress Collections}
}

@misc{bib:indeo3,
    title = {Indeo Video Codec Version 3},
    url = {https://www.loc.gov/preservation/digital/formats/fdd/fdd000065.shtml},
    urldate = {2022-06-13},
    author = {Intel},
    day = {05},
    month = {dec}, 
    year = {2011}, 
    publisher = {Sustainability of Digital Formats: Planning for Library of Congress Collections}
}

@misc{bib:indeo5,
    title = {Indeo Video Codec Version 5},
    url = {https://www.loc.gov/preservation/digital/formats/fdd/fdd000065.shtml},
    urldate = {2022-06-13},
    author = {Intel and {Ligos Corporation}},
    day = {01},
    month = {Mar.}, 
    year = {2012}, 
    publisher = {Sustainability of Digital Formats: Planning for Library of Congress Collections}
}


@INPROCEEDINGS{bib:lindino_2021,
    author={Lindino, Matheus and Bubolz, Thiago and Zatt, Bruno and Palomino, Daniel and Correa, Guilherme},
    booktitle={2020 28th European Signal Processing Conference (EUSIPCO)}, 
    title={Low-Complexity HEVC Transrating Based on Prediction Unit Mode Inheritance}, 
    year={2021},
    volume={},
    number={},
    pages={550-554},
    note={doi: 10.23919/Eusipco47968.2020.9287789}
}

@ARTICLE{bib:vvc_intra_modes,
    author={Pfaff, Jonathan and Filippov, Alexey and Liu, Shan and Zhao, Xin and Chen, Jianle and De-Luxán-Hernández, Santiago and Wiegand, Thomas and Rufitskiy, Vasily and Ramasubramonian, Adarsh Krishnan and Van der Auwera, Geert},
    journal={IEEE Transactions on Circuits and Systems for Video Technology}, 
    title={Intra Prediction and Mode Coding in VVC},
    year={2021},
    volume={31},
    number={10},
    pages={3834-3847},
    note={doi: 10.1109/TCSVT.2021.3072430}
}

@misc{bib:mjpeg,
    title = {RTP Payload Format for JPEG-compressed Video},
    url = {https://datatracker.ietf.org/doc/html/rfc2435},
    urldate = {2022-03-31},
    author = {L. Berc and W. Fenner and R. Frederick and S. McCanne and P. Stewart},
    month = {oct}, 
    year = {1998}, 
    publisher = {Network Working Group}
}

@inproceedings{bib:dash,
    author = {Stockhammer, Thomas},
    title = {Dynamic Adaptive Streaming over HTTP --: Standards and Design Principles},
    year = {2011},
    isbn = {9781450305181},
    publisher = {Association for Computing Machinery},
    address = {New York, NY, USA},
    note = {doi: 10.1145/1943552.1943572},
    booktitle = {Proceedings of the Second Annual ACM Conference on Multimedia Systems},
    pages = {133–144},
    numpages = {12},
    location = {San Jose, CA, USA},
    series = {MMSys '11}
}

@misc{bib:mpeg2,
	title   = {Recommendation H.262: Generic Coding of Moving Pictures and Associated Audio Information: Video},
	url     = {https://www.itu.int/rec/T-REC-H.262},
	urldate = {2021-01-14},
	author  = {{International Telecommunication Union}},
    month   = {Set},
	year    = {1995}
}

@INPROCEEDINGS{bib:vp8,
  author={Bankoski, Jim and Wilkins, Paul and Xu, Yaowu},
  booktitle={2011 IEEE International Conference on Multimedia and Expo}, 
  title={Technical overview of VP8, an open source video codec for the web}, 
  year={2011},
  pages={1-6},
  note={doi: 10.1109/ICME.2011.6012227}
}

@book{bib:avs2,
  title={Advanced Video Coding Systems},
  author={Wen Gao and Siwei Ma},
  year={2015},
  publisher={Springer, Cham},
  note={doi: 10.1007/978-3-319-14243-2\_3},
  isbn={978-3-319-14242-5}
}

@INPROCEEDINGS{bib:seo_2001,
  author={Kwang-deok Seo and Jae-kyoon Kim},
  booktitle={Proceedings 2001 International Conference on Image Processing (Cat. No.01CH37205)}, 
  title={Fast motion vector refinement for MPEG-1 to MPEG-4 transcoding with spatial down-sampling in DCT domain}, 
  year={2001},
  volume={1},
  number={},
  pages={469-472 vol.1},
  note={doi: 10.1109/ICIP.2001.959055}
}

@book{bib:livro2_ml,
  title={Introduction to Artificial Intelligence},
  author={Wolfgang Ertel},
  year={2017},
  publisher={Springer},
  note={ISBN: 978-3-319-58486-7}
}

@ARTICLE{bib:hevc_complexity,
    author={Bossen, Frank and Bross, Benjamin and Suhring, Karsten and Flynn, David},
    journal={IEEE Transactions on Circuits and Systems for Video Technology}, 
    title={HEVC Complexity and Implementation Analysis}, 
    year={2012},
    volume={22},
    number={12},
    pages={1685-1696},
    note={doi: 10.1109/TCSVT.2012.2221255}
}

@ARTICLE{bib:vvc_complexity,
    author={Bossen, Frank and Sühring, Karsten and Wieckowski, Adam and Liu, Shan},
    journal={IEEE Transactions on Circuits and Systems for Video Technology}, 
    title={VVC Complexity and Software Implementation Analysis}, 
    year={2021},
    volume={31},
    number={10},
    pages={3765-3778},
    note={doi: 10.1109/TCSVT.2021.3072204}
}

@ARTICLE{bib:vvc_partitioningStructure,
  author={Huang, Yu-Wen and An, Jicheng and Huang, Han and Li, Xiang and Hsiang, Shih-Ta and Zhang, Kai and Gao, Han and Ma, Jackie and Chubach, Olena},
  journal={IEEE Transactions on Circuits and Systems for Video Technology}, 
  title={Block Partitioning Structure in the VVC Standard}, 
  year={2021},
  volume={31},
  number={10},
  pages={3818-3833},
  note={doi: 10.1109/TCSVT.2021.3088134}
}

@misc{bib:world_population,
	title   = {Current World Population},
	url     = {https://www.worldometers.info/world-population/},
	urldate = {2022-01-21},
	author  = {{Worldometers.info}},
    month   = {Jan.},
	year    = {2022},
	city    = {Dover, Delaware, U.S.A.}
}

@ARTICLE{bib:mse_wrong,
    author={Wang, Zhou and Bovik, Alan C.},
    journal={IEEE Signal Processing Magazine}, 
    title={Mean squared error: Love it or leave it? A new look at Signal Fidelity Measures}, 
    year={2009},
    volume={26},
    number={1},
    pages={98-117},
    note={doi: 10.1109/MSP.2008.930649}
}

@ARTICLE{bib:pan_2021,
  author={Pan, Zhaoqing and Zhang, Peihan and Peng, Bo and Ling, Nam and Lei, Jianjun},
  journal={IEEE Signal Processing Letters}, 
  title={A CNN-Based Fast Inter Coding Method for VVC}, 
  year={2021},
  volume={28},
  number={},
  pages={1260-1264},
  note={doi: 10.1109/LSP.2021.3086692}
}

@misc{bib:green_mpeg,
	title   = {Green MPEG Uses Metadata To Right-Size Power Use For Video},
	url     = {https://www.worldometers.info/world-population/},
	urldate = {2022-01-21},
	author  = {Philip Merrill},
    month   = {Mar.},
	year    = {2019}
}

@ARTICLE{bib:quantization_artifacts,
    author={O'Rourke, T.P. and Stevenson, R.L.},
    journal={IEEE Transactions on Circuits and Systems for Video Technology}, 
    title={Improved image decompression for reduced transform coding artifacts}, 
    year={1995},
    volume={5},
    number={6},
    pages={490-499},
    doi={10.1109/76.475891}
}

@article{bib:sistema_cores,
	author = {Mollon, J D},
	title = {Color Vision},
	journal = {Annual Review of Psychology},
	volume = {33},
	number = {1},
	pages = {41-85},
	year = {1982},
	note={doi: 10.1146/annurev.ps.33.020182.000353}
}

@misc{bib:green_mpeg_explained,
	title   = {MPEG can also be green},
	url     = {https://blog.chiariglione.org/mpeg-can-also-be-green/},
	urldate = {2022-01-21},
	author  = {Leonardo Chiariglione},
    month   = {Dez},
	year    = {2018}
}

@misc{bib:carbon_impact,
	title   = {Carbon impact of video streaming},
	url     = {https://www.carbontrust.com/resources/carbon-impact-of-video-streaming},
	urldate = {2022-06-24},
	author  = {Chloe Fletcher and Jigna Chandaria and Louise Krug and Penny Guarnay and Christian Toennesen and Glynn Roberts and Catherine Van Loo and Damien Lieber and Tyler Marcus and Jens Malmodin and George Kamiya and Clare Phillips and Gareth Barr and Julia Giannini and Tim Davis and Jonathan Koomey and Arman Shehabi and Emma Stewart and Juan Carlos Ivars and Sergio Vinay and Lena De Geer and Örjan Åberg and Anna Ma and Marianne Matthews and Emma Fryer and Daniel Schien and Paul Shabajee and Eric Masanet},
	publisher={Carbon Trust}
}

@misc{bib:youtube_receive_formats,
	title   = {Supported YouTube file formats},
	url     = {https://support.google.com/youtube/troubleshooter/2888402?hl=en},
	urldate = {2022-01-21},
	author  = {Youtube}
}

@misc{bib:youtube_show_formats,
	title   = {Which Codecs Does YouTube Use?},
	url     = {https://streaminglearningcenter.com/codecs/which-codecs-does-youtube-use.html},
	urldate = {2022-01-21},
	author  = {Jan Ozer},
    month   = {Aug},
	year    = {2021}
}

@misc{bib:lcevc_green,
	title   = {The Greenest Codec: LCEVC?},
	url     = {https://www.streamingmedia.com/Articles/Columns/The-Producers-View/The-Greenest-Codec-LCEVC-151434.aspx},
	urldate = {2022-06-21},
	author  = {Jan Ozer},
    month   = {Feb},
	year    = {2022}
}

@article{bib:compara_codecs_chen_others_2020,
year = {2020},
volume = {9},
journal = {APSIPA Transactions on Signal and Information Processing},
title = {An Overview of Coding Tools in AV1: the First Video Codec from the Alliance for Open Media},
note = {doi: 10.1017/ATSIP.2020.2},
issn = {2048-7703},
number = {1},
pages = {-},
author = {Yue Chen and Debargha Mukherjee and Jingning Han and Adrian Grange and Yaowu Xu and Sarah Parker and Cheng Chen and Hui Su and Urvang Joshi and Ching-Han Chiang and Yunqing Wang and Paul Wilkins and Jim Bankoski and Luc Trudeau and Nathan Egge and Jean-Marc Valin and Thomas Davies and Steinar Midtskogen and Andrey Norkin and Peter de Rivaz and Zoe Liu}
}

@ARTICLE{bib:sciam_firstmotion,
  author={Eadweard Muybridge},
  journal={Scientific American}, 
  title={A Horse's Motion Scientifically Determined}, 
  month = {oct},
  year={1878},
  volume={39},
  number={16},
  pages={},
  url={https://www.scientificamerican.com/magazine/sa/1878/10-19/}
}

@INPROCEEDINGS{bib:liapin_2018,
  author={Liapin, Ivan},
  booktitle={2018 International Symposium on Consumer Technologies (ISCT)}, 
  title={Fast H.264/H.265 to AV1 stream transcoding using a moving object tracker}, 
  year={2018},
  volume={},
  number={},
  pages={9-13},
  note={doi: 10.1109/ISCE.2018.8408927}
}

@article{bib:zhou_energy_consumption,
	title   = {Energy consumption model and energy efficiency of machine tools: a comprehensive literature review},
	journal = {Journal of Cleaner Production},
	volume  = {112},
	pages   = {3721-3734},
	year    = {2016},
	issn    = {0959-6526},
	note    = {doi: 10.1016/j.jclepro.2015.05.093},
	url     = {https://www.sciencedirect.com/science/article/pii/S0959652615006617},
	author  = {Lirong Zhou and Jianfeng Li and Fangyi Li and Qiang Meng and Jing Li and Xingshuo Xu}
}

@INPROCEEDINGS{bib:justus_computational_cost,
  author={Justus, Daniel and Brennan, John and Bonner, Stephen and McGough, Andrew Stephen},
  booktitle={2018 IEEE International Conference on Big Data (Big Data)}, 
  title={Predicting the Computational Cost of Deep Learning Models}, 
  year={2018},
  volume={},
  number={},
  pages={3873-3882},
  note={doi: 10.1109/BigData.2018.8622396}
}





@misc{bib:carol_bcg,
    title   = {Streaming Viewers Aren’t Going Anywhere},
    url     = {https://www.bcg.com/publications/2021/priority-considerations-for-video-streaming-companies},
    urldate = {2023-02-19},
    author  = {Neal Zuckerman and John Rose and Jacob Rosenzweig and Alannah Sheerin and Tim Mank and Lisa-Katharina Schmitz},
    publisher = {Boston Consulting Group},
    month   = {Apr.},
    year    = {2021}
}

@INPROCEEDINGS{bib:carol_kempf,
  author={Alisson Felipe Kempf and Matheus Silveira da Silva and Silmara Aparecida Onesseken and Bruno Eduardo Slongo Garcia},
  booktitle={Congresso Internacional de Administração}, 
  title={Consumption of Streaming Platforms Before and During the COVID-19 Pandemic},
  year={2021},
  volume={},
  number={},
  pages={1-12},
  note={URL: https://admpg.com.br/2021/anais/arquivos/09122021\_23 0937\_613eb539011b0.pdf}
}

@misc{bib:carol_fraunhofer,
    title   = {Fraunhofer HHI is proud to present the new state-of-the-art in global video coding: H.266/VVC brings video transmission to new speed},
    url     = {https://newsletter.fraunhofer.de/-viewonline2/17386/465/11/14SHcBTt/V44RELLZBp/1},
    urldate = {2023-19-02},
    author  = {{Fraunhofer Institute for Telecommunications}},
    month   = {Jul.},
    year    = {2020}
}

@article{bib:carol_eltzroth,
    title   = {Fostering of Patent Pools Covering Cable Technology: Lessons from VVC Pool Fostering},
    author  = {Eltzroth, Carter and Cary, Jud},
    journal = {Social Science Research Network (SSRN)},
    note    = {doi: 10.2139/ssrn.3949545},
    month   = {Oct.},
    year    = {2021}
}

Eltzroth, Carter and Cary, Judson, Fostering of Patent Pools Covering Cable Technology: Lessons from VVC Pool Fostering (October 11, 2021). Available at SSRN: https://ssrn.com/abstract=3949545 or http://dx.doi.org/
